2950 4492
1391 213 1474 279 24

259 410 396 475 sam
444 385 672 457 videri.
773 391 998 463 Mente
1069 387 1350 455 alienata
1425 386 1697 458 Ovidius
1715 389 1893 457 Naso
1962 407 2108 458 esse
2162 388 2480 479 debebat,
2520 389 2583 467 si

259 515 482 558 coram
526 491 696 556 irato
764 491 1148 576 ostensoque
1204 490 1492 558 Caesare
1555 501 1688 558 tam
1735 498 2043 578 proterve
2090 493 2173 560 de
2204 516 2409 571 uxore
2444 497 2585 581 ejus

257 594 743 683 augustissima,
805 595 886 658 de
939 592 1193 676 „Vesta
1237 595 1628 683 pudicarum
1672 594 1992 660 matrum“
2018 597 2243 662 -verba
2283 598 2585 679 fecisset3

258 707 325 767 et
371 703 699 784 Augustus
746 697 919 763 omni
965 698 1217 786 pudore
1290 699 1618 787 conjugali
1679 721 1903 765 carere
1951 698 2255 783 debebat,
2325 701 2381 767 si
2450 725 2587 767 non

258 802 478 867 statim
523 801 856 866 hominem
903 808 1038 865 tam
1075 801 1304 889 lingua
1335 824 1688 890 procacem
1724 802 2184 890 percussisset.
2249 807 2586 891 Augustus

258 913 476 972 autem
521 903 952 985 Devillianus,
1000 903 1113 968 ubi
1152 905 1491 971 Nasonem
1535 904 1921 991 pudicitiam
1969 906 2191 971 uxoris
2238 929 2369 973 non
2413 905 2585 994 peti-

254 1004 385 1072 isse
442 1006 781 1092 cognovit,
843 1008 1134 1094 gladium
1176 1009 1245 1072 in
1290 1009 1593 1093 vaginam
1638 1004 1967 1091 recondit,
2037 1001 2147 1075 ac‘
2180 1008 2457 1075 forsitan
2516 1011 2587 1076 in

257 1106 599 1197 pristinam
647 1110 998 1175 amicitiam
1025 1116 1173 1175 cum
1221 1135 1300 1176 eo
1346 1111 1647 1195 redisset,
1683 1111 1737 1176 si
1762 1120 2027 1198 poetam
2057 1110 2412 1178 taciturum
2438 1134 2586 1178 esse

256 1235 643 1299 persuasum
736 1211 1100 1296 habuisset3
1171 1214 1291 1280 sed
1337 1237 1537 1300 quum
1585 1213 1667 1280 de
1712 1215 2160 1282 taciturnitate
2190 1213 2416 1281 Ovidii
2465 1215 2608 1281 du?

258 1315 517 1396 bitaret,
567 1315 835 1399 TomoS,
885 1317 969 1382 ad
1015 1316 1331 1387 barbaros
1381 1340 1531 1383 eum
1574 1318 1845 1405 relegat.
1936 1316 2155 1403 Quam
2200 1341 2331 1383 non
2376 1318 2470 1383 ita
2516 1318 2585 1384 id

259 1416 613 1510 effecturus
660 1419 887 1501 fuerit,
937 1419 1114 1503 quod
1164 1416 1456 1489 Devillio
1506 1428 1775 1486 auctore
1822 1420 2210 1504 intenderat,
2281 1421 2588 1496 manifes-

260 1530 402 1585 tum'
450 1529 569 1591 est.
660 1520 998 1604 Praetera,
1044 1522 1187 1613 fieri
1231 1523 1533 1609 potuisse
1581 1522 1899 1607 concedo,
1943 1518 2031 1589 'ut
2076 1525 2422 1612 Augustus
2474 1523 2589 1590 ho—

259 1615 496 1688 minem
543 1632 679 1688 tam
714 1623 1010 1689 difficilis
1079 1625 1173 1689 rei
1244 1619 1580 1690 conscium
1645 1647 1679 1690 e
1728 1625 2207 1691 consuetudine
2276 1648 2414 1708 sua,
2482 1626 2588 1692 vel

258 1727 490 1809 Roma,
550 1725 926 1812 quinetiam
975 1725 1300 1799 exltalia
1363 1736 1778 1808 removeren,
1832 1749 2059 1801 verum
2106 1728 2283 1813 quod
2308 1751 2458 1795 enm
2522 1730 2587 1796 in

258 1829 544 1895 Pontum
599 1829 795 1911 misit,
843 1828 1103 1895 mollem
1148 1824 1443 1916 poetam,
1469 1828 1997 1916 omnibus,‚quae
2029 1830 2231 1896 vitam
2268 1841 2593 1898 exornant

260 1932 695 2017 erudiuntque
763 1931 1078 2014 animum,
1157 1930 1356 1998 rebus
1431 1931 1887 2000 adsuefactum
1963 1933 2046 1999 ad
2120 1933 2335 2020 rigida
2390 1935 2589 2000 Ponti

259 2037 505 2114 Euxini
550 2036 759 2119 litora,
810 2035 893 2100 ad
939 2034 1226 2102 incultos
1297 2037 1531 2115 Getas3
1601 2036 1780 2122 quod
1809 2056 2036 2102 omnes
2085 2037 2591 2114 miserrimi'ex-

261 2141 418 2205 sulis
463 2162 700 2228 preces
747 2137 1042 2225 neglexit
1096 2161 1309 2225 neque
1385 2137 1521 2204 ullo
1593 2142 1784 2206 modo
1856 2132 2272 2206 deterrimam
2339 2131 2587 2206 sortem

265 2244 405 2328 ejus
455 2241 732 2321 levavit3
781 2250 979 2326 atque
1027 2240 1192 2307 haec
1239 2241 1459 2307 omnia
1504 2239 1685 2307 nulla
1739 2242 1822 2307 de
1891 2239 2019 2316 alia
2086 2263 2311 2325 causa,
2390 2265 2589 2328 quam

265 2345 420 2430 quia
474 2367 632 2410 casu
682 2343 963 2430 quodam
1007 2345 1073 2409 in
1119 2342 1424 2410 balneum
1454 2342 1688 2410 Liviae
1733 2344 1846 2411 ille
1891 2343 2269 2410 intravisset
2313 2367 2587 2430 eamque

263 2448 350 2512 ibi
401 2447 726 2519 lavantem
773 2446 1054 2512 vidisset·
1092 2484 1178 2496 --
1221 2446 1352 2513 hoc
1396 2469 1672 2534 prorsus
1714 2469 1845 2513 non
1877 2447 2233 2535 perspicio.
2281 2452 2589 2516 Attamen
2673 2488 2678 2494 ·

267 2551 365 2641 de,
396 2550 748 2619 clementia
778 2572 854 2616 ac
885 2548 1357 2632 moderatione,
1407 2571 1540 2635 qua
1568 2550 1925 2637 praecipue
1956 2551 2339 2637 provectior
2370 2558 2586 2617 aetate

264 2656 605 2740 Augustus
649 2674 810 2725 usus
855 2651 961 2735 sit,
1006 2651 1363 2722 Suetonius
1409 2674 1466 2719 c.
1512 2652 1618 2734 51,
1664 2652 1770 2734 54,
1815 2652 1933 2732 553
1988 2652 2280 2738 Vellejus
2324 2653 2449 2719 alib.
2478 2653 2584 2728 [11.

267 2781 322 2826 c.
368 2754 475 2840 86,
521 2755 601 2820 87
672 2754 943 2842 copiose
976 2764 1307 2839 narrant,
1373 2777 1451 2820 ac
1500 2757 1622 2822 Dio
1670 2755 1943 2822 Cassius
1990 2754 2100 2822 lib.
2145 2755 2333 2828 LVI.
2401 2779 2458 2822 c.
2502 2759 2592 2833 40

266 2859 509 2943 diserte
543 2859 624 2924 de
659 2881 737 2924 eo
773 2857 963 2940 dicits:
1006 2871 1144 2937 τοῖς
1171 2883 1240 2924 τε
1274 2860 1402 2927 τῶν
1431 2856 1855 2926 οἰκειοτάτων
1884 2855 2284 2944 ὑβρίσμασιν
2312 2857 2592 2944 ἀπαραι-
2646 2914 2650 2919 .

265 2961 472 3042 wit-we
517 2958 796 3045 ἐπεξιών,
842 2958 925 3028 τὰ
970 2964 1100 3030 τῶν
1146 2957 1362 3030 ἄλλων
1415 2958 1871 3049 ἁμαρτήματα
1925 2959 2366 3045 ἀνθρωπίνως
2420 2952 2590 3047 μότε-

263 3068 597 3153 χειρίζετο.
695 3064 930 3150 Itaque
987 3065 1043 3131 si
1096 3088 1201 3132 res
1269 3067 1438 3134 haec
1484 3065 1747 3146 fuisset,
1806 3087 1998 3149 quam
2046 3063 2376 3141 Devillius
2430 3064 2592 3147 vult,

269 3167 553 3232 dubitari
596 3169 846 3253 nequit,
893 3161 1051 3254 quin
1093 3168 1306 3235 minus
1371 3169 1685 3234 infestum
1733 3166 1985 3234 Caesar
2047 3167 2115 3232 in
2171 3176 2437 3256 poetam
2519 3188 2594 3233 se

267 3269 668 3356 praebuerit.
757 3271 950 3338 Livia
980 3279 1218 3355 autem,
1247 3293 1440 3357 quam
1472 3271 1605 3337 Dio
1631 3268 1923 3348 Cassius,
1952 3270 2129 3337 viros
2173 3269 2388 3336 nudos
2431 3258 2595 3335 nihil

270 3371 397 3437 sibi
445 3395 590 3437 esse
637 3373 763 3438 nisi
808 3382 1059 3440 statuas
1099 3374 1593 3461 praedicavisse
1625 3373 1849 3456 refert,
1881 3371 2268 3461 pudicitiam
2313 3395 2445 3437 non
2491 3371 2592 3438 in·

270 3476 486 3564 eptius
535 3476 994 3542 commendare
1041 3476 1339 3564 potuisse
1386 3476 1542 3543 mihi
1588 3475 1870 3561 videtur,
1890 3498 2084 3563 quam
2114 3475 2347 3559 virum,
2395 3498 2433 3539 a
2463 3496 2594 3561 quo

273 3580 418 3667 ipsa
464 3587 649 3645 veste
673 3580 894 3667 posita
937 3582 1082 3647 visa
1104 3588 1264 3664 erat,
1289 3581 1355 3647 in
1378 3579 1854 3667 iniquissimam
1887 3581 2218 3645 fortunam
2261 3577 2591 3666 praecipi-

270 3694 544 3758 tansac
590 3705 671 3748 ne
720 3681 976 3750 cineres
1001 3685 1268 3771 quidem
1313 3685 1457 3770 ejus
1503 3682 1570 3748 in
1613 3692 1790 3748 terra
1810 3680 2028 3770 patria
2073 3681 2268 3748 condi
2314 3673 2593 3770 patiens.

274 3786 576 3873 Denique
648 3788 981 3873 quomodo
1028 3810 1132 3853 res
1157 3786 1272 3853 illa
1316 3785 1596 3852 aDione
1644 3784 1881 3854 Cassio
1925 3793 2189 3852 narrata
2230 3784 2313 3851 ad
2337 3785 2599 3852 Liviam

272 3889 512 3963 nudam
559 3891 640 3957 ab
678 3889 924 3957 Ovidio
972 3892 1178 3956 visam
1224 3896 1530 3977 spectare
1576 3887 1809 3976 possit,
1843 3887 2058 3954 adhuc
2102 3910 2238 3954 non
2282 3885 2599 3972 intellexi.

447 3992 635 4076 Quae
681 4016 830 4060 cum
873 3993 963 4062 ita
1005 3992 1164 4077 sint,
1211 3991 1575 4083 paullulum
1638 3990 1708 4055 in
1764 3989 2036 4057 dubium
2098 4011 2340 4058 vocare
2403 3989 2596 4057 nobis

276 4095 491 4180 liceat,
541 4118 710 4185 quae
753 4096 1081 4164 Devillius
1128 4045 1212 4162 de
1257 4092 1572 4184 opinione
1616 4112 1787 4181 psua
1829 4091 2127 4160 raedicat
2170 4093 2266 4180 (p.
2312 4095 2456 4178 50):
2617 4096 2621 4100 Α

196 4372 499 4446 Α

2923 2724 2935 3151 ——d—ae·
