2950 4492
1389 295 1473 359 34

1236 388 1379 399 ’,4-

264 467 574 553 religiose
643 464 844 530 nihilo
914 465 1127 530 minus
1195 468 1262 532 iu
1329 469 1615 534 animum
1683 467 1971 554 Augusti
2015 464 2323 530 Tiberius
2394 464 2599 530 intra-

266 569 456 652 verit,
500 569 799 655 legimus.
891 567 1281 654 Respondet
1334 573 1508 636 enim
1553 569 1777 636 Silano
1833 569 2019 635 fratri
2066 568 2311 654 gratias
2368 568 2592 654 agenti

268 695 490 736 eoram
531 670 859 765 patribus:
905 692 976 734 se
1025 693 1287 758 quoque
1333 672 1597 756 laetari,
1653 670 1835 758 quod
1879 672 2082 735 frater
2127 674 2266 756 ejus
2315 693 2349 732 e
2404 692 2599 757 pere—

270 774 634 861 grinatione
696 772 1056 858 longinqua
1121 777 1532 857 revertisset,
1602 775 1803 860 idque
1860 778 2010 859 jure
2078 772 2364 852 licitum,
2446 772 2594 856 quia
2709 826 2714 829 .

273 898 399 943 non
446 883 714 941 senatus
760 875 1083 957 consulte,
1131 900 1264 943 non
1308 877 1456 964 lege
1505 878 1734 965 pulsus
1779 876 1978 960 foret3
2027 876 2154 940 sibi
2196 884 2418 940 tamen
2481 874 2598 939 ad-

268 1001 498 1044 versus
545 1001 694 1042 eum
739 980 1032 1064 integras
1079 980 1370 1065 parentis
1439 980 1543 1045 sui
1599 979 2035 1061 offensiones,
2103 1000 2316 1063 neque
2377 977 2599 1042 reditu

269 1082 476 1150 Silani
524 1080 872 1161 dissoluta,
945 1105 1114 1166 quae
1174 1088 1507 1170 Augustus
1567 1081 1951 1148 voluisset.“
2044 1079 2325 1146 Ovidius
2379 1087 2599 1145 autem

271 1187 543 1271 proprio
590 1185 869 1272 Augusti
919 1185 1139 1251 edicto
1198 1185 1533 1272 relegatus
1589 1193 1762 1264 erat,
1834 1183 2014 1268 quod
2068 1182 2336 1248 Tiberio
2390 1182 2598 1268 magis

274 1311 467 1371 quam
512 1294 775 1352 senatus
823 1289 1192 1352 consultum
1237 1289 1530 1370 valebat,
1594 1296 1666 1352 ut
1718 1287 1976 1351 irritum
2019 1284 2088 1349 id
2133 1285 2409 1350 reddere
2467 1308 2598 1350 non
2640 1295 2643 1299 ’

283 1400 527 1474 posset.

445 1525 642 1608 Quod
675 1526 768 1590 ita
798 1526 1029 1606 fuisse,
1066 1538 1264 1612 poeta
1284 1528 1428 1614 ipse
1461 1526 1641 1592 haud
1662 1525 2043 1611 ignorabat3
2079 1523 2291 1605 „mala
2304 1526 2596 1600 nostra“‚

278 1630 510 1712 inquit,
1765 1622 1769 1626 ’

525 1766 677 1849 „vel
721 1789 914 1831 nemo
963 1764 1066 1830 vel
1113 1766 1226 1850 qui
1272 1765 1427 1829 mihi
1468 1764 1744 1829 vulnera
1787 1764 1965 1844 feeit,

445 1866 641 1939 Solus
690 1867 980 1934 Achilleo
1024 1868 1253 1932 tollere
1301 1890 1483 1932 more
1529 1869 1813 1953 potest“‚
1864 1903 1947 1914 --
2012 1861 2506 1943 Trist.1.,99;

276 1978 344 2033 et
386 1968 468 2033 de
501 1973 809 2057 Augusto
859 1959 1116 2036 mortue
1160 1972 1253 2036 ita
1298 1970 1622 2056 queritur:

359 2072 605 2158 „Spem
648 2084 942 2139 nostram
985 2082 1194 2138 terras
1242 2073 1665 2157 deseruitque
1712 2071 1966 2138 simulf·
1993 2069 2211 2155 Epist.
2238 2067 2362 2133 IV.
2399 2070 2459 2147 6,
2498 2067 2601 2136 16.

273 2173 460 2239 Obiit
502 2177 701 2261 igitur
746 2176 972 2242 Tomis
1020 2175 1302 2241 Ovidius
1347 2177 1525 2242 Naso
1571 2174 1793 2259 ibique
1831 2173 2140 2260 sepultus
2188 2180 2307 2236 est.

449 2276 651 2361 Quod
697 2279 1003 2364 sepulcro
1065 2299 1183 2342 suo
1250 2277 1641 2362 inscriptum
1699 2275 1998 2359 volebat,
2055 2293 2451 2359 quamquam
2501 2270 2603 2333 in-

271 2381 591 2464 scriptum
638 2397 768 2445 non
815 2388 933 2457 est,
984 2390 1204 2443 tamen
1253 2378 1490 2460 valere,
1539 2377 2031 2445 demonstrasse
2079 2375 2232 2441 mihi
2296 2371 2556 2437 videor:

362 2480 538 2565 „Hic
586 2504 712 2568 ego
758 2482 872 2567 qui
905 2485 1121 2568 jaee0,
1169 2489 1550 2547 tenerorum
1593 2481 1776 2549 lusor
1819 2501 2137 2553 amorum,

536 2583 814 2669 Ingenio
856 2583 1019 2666 perii
1065 2583 1248 2650 Naso
1293 2592 1496 2670 poeta
1542 2586 1732 2648 meo“
