<?xml version="1.0" encoding="UTF-8"?>
<!DOCTYPE html PUBLIC "-//W3C//DTD XHTML 1.0 Transitional//EN"
    "http://www.w3.org/TR/xhtml1/DTD/xhtml1-transitional.dtd">
<html xmlns="http://www.w3.org/1999/xhtml" xml:lang="en" lang="en">
 <head>
  <title>
</title>
<meta http-equiv="Content-Type" content="text/html;charset=utf-8" />
  <meta name='ocr-system' content='tesseract 3.04.00' />
  <meta name='ocr-capabilities' content='ocr_page ocr_carea ocr_par ocr_line ocrx_word'/>
</head>
<body>
  <div class='ocr_page' id='page_1' title='image "./quibusdecausiso00appegoog_0010.png"; bbox 0 0 2950 4492; ppageno 0'>
   <div class='ocr_carea' id='block_1_1' title="bbox 1437 231 1479 297">
    <p class='ocr_par' dir='ltr' id='par_1_1' title="bbox 1437 231 1479 297">
     <span class='ocr_line' id='line_1_1' title="bbox 1437 231 1479 297; baseline 0 0"><span class='ocrx_word' id='word_1_1' title='bbox 1437 231 1479 297; x_wconf 89' lang='lat'>6</span> 
     </span>
    </p>
   </div>
   <div class='ocr_carea' id='block_1_2' title="bbox 1254 323 1661 334">
    <p class='ocr_par' dir='ltr' id='par_1_2' title="bbox 1254 323 1661 334">
     <span class='ocr_line' id='line_1_2' title="bbox 1254 323 1661 334; baseline 0 4158"><span class='ocrx_word' id='word_1_2' title='bbox 1254 323 1661 334; x_wconf 95' lang='lat' dir='ltr'><strong> </strong></span> 
     </span>
    </p>
   </div>
   <div class='ocr_carea' id='block_1_3' title="bbox 294 398 2620 594">
    <p class='ocr_par' dir='ltr' id='par_1_3' title="bbox 294 398 2620 594">
     <span class='ocr_line' id='line_1_3' title="bbox 295 398 2620 495; baseline 0.005 -31"><span class='ocrx_word' id='word_1_3' title='bbox 295 421 460 485; x_wconf 87' lang='lat' dir='ltr'><strong>quae</strong></span> <span class='ocrx_word' id='word_1_4' title='bbox 531 401 679 465; x_wconf 82' lang='lat' dir='ltr'><strong>cum</strong></span> <span class='ocrx_word' id='word_1_5' title='bbox 727 398 1053 468; x_wconf 76' lang='lat' dir='ltr'><strong>omnibus</strong></span> <span class='ocrx_word' id='word_1_6' title='bbox 1123 400 1319 468; x_wconf 84' lang='lat' dir='ltr'><strong>dictis</strong></span> <span class='ocrx_word' id='word_1_7' title='bbox 1385 412 1626 488; x_wconf 85' lang='lat' dir='ltr'><strong>poetae</strong></span> <span class='ocrx_word' id='word_1_8' title='bbox 1694 408 2005 494; x_wconf 84' lang='lat' dir='ltr'><strong>conjungi</strong></span> <span class='ocrx_word' id='word_1_9' title='bbox 2071 408 2288 495; x_wconf 84' lang='lat' dir='ltr'><strong>possit</strong></span> <span class='ocrx_word' id='word_1_10' title='bbox 2353 419 2421 475; x_wconf 90' lang='lat' dir='ltr'><strong>et</strong></span> <span class='ocrx_word' id='word_1_11' title='bbox 2483 432 2620 477; x_wconf 86' lang='lat' dir='ltr'><strong>rem</strong></span> 
     </span>
     <span class='ocr_line' id='line_1_4' title="bbox 294 503 1796 594; baseline 0.009 -27"><span class='ocrx_word' id='word_1_12' title='bbox 294 503 627 569; x_wconf 87' lang='lat' dir='ltr'><strong>difficilem</strong></span> <span class='ocrx_word' id='word_1_13' title='bbox 675 503 756 569; x_wconf 87' lang='lat' dir='ltr'><strong>ad</strong></span> <span class='ocrx_word' id='word_1_14' title='bbox 807 525 1033 569; x_wconf 90' lang='lat' dir='ltr'><strong>omnes</strong></span> <span class='ocrx_word' id='word_1_15' title='bbox 1079 527 1387 571; x_wconf 89' lang='lat' dir='ltr'><strong>numeros</strong></span> <span class='ocrx_word' id='word_1_16' title='bbox 1438 508 1796 594; x_wconf 80' lang='lat' dir='ltr'><strong>persolvat.</strong></span> 
     </span>
    </p>
   </div>
   <div class='ocr_carea' id='block_1_4' title="bbox 289 632 2627 1545">
    <p class='ocr_par' dir='ltr' id='par_1_4' title="bbox 289 632 2627 1545">
     <span class='ocr_line' id='line_1_5' title="bbox 468 632 2622 728; baseline 0.006 -33"><span class='ocrx_word' id='word_1_17' title='bbox 468 632 619 715; x_wconf 79' lang='lat' dir='ltr'><strong>Qua</strong></span> <span class='ocrx_word' id='word_1_18' title='bbox 675 655 822 698; x_wconf 88' lang='lat' dir='ltr'><strong>cum</strong></span> <span class='ocrx_word' id='word_1_19' title='bbox 877 632 971 697; x_wconf 86' lang='lat' dir='ltr'><strong>ita</strong></span> <span class='ocrx_word' id='word_1_20' title='bbox 1015 634 1176 716; x_wconf 89' lang='lat' dir='ltr'><strong>sint,</strong></span> <span class='ocrx_word' id='word_1_21' title='bbox 1235 643 1494 700; x_wconf 82' lang='lat' dir='ltr'>nosmet</span> <span class='ocrx_word' id='word_1_22' title='bbox 1534 635 1665 724; x_wconf 87' lang='lat' dir='ltr'><strong>ipsi</strong></span> <span class='ocrx_word' id='word_1_23' title='bbox 1721 659 1944 705; x_wconf 85' lang='lat' dir='ltr'><strong>curam</strong></span> <span class='ocrx_word' id='word_1_24' title='bbox 2001 648 2290 707; x_wconf 87' lang='lat' dir='ltr'><strong>nostram</strong></span> <span class='ocrx_word' id='word_1_25' title='bbox 2338 642 2622 728; x_wconf 85' lang='lat' dir='ltr'><strong>diligen—</strong></span> 
     </span>
     <span class='ocr_line' id='line_1_6' title="bbox 289 733 2622 829; baseline 0.006 -30"><span class='ocrx_word' id='word_1_26' title='bbox 289 736 574 820; x_wconf 84' lang='lat' dir='ltr'><strong>tiamque</strong></span> <span class='ocrx_word' id='word_1_27' title='bbox 631 733 799 800; x_wconf 88' lang='lat' dir='ltr'><strong>hanc</strong></span> <span class='ocrx_word' id='word_1_28' title='bbox 853 735 920 801; x_wconf 89' lang='lat' dir='ltr'><strong>in</strong></span> <span class='ocrx_word' id='word_1_29' title='bbox 978 737 1427 821; x_wconf 86' lang='lat' dir='ltr'><strong>quaestionem</strong></span> <span class='ocrx_word' id='word_1_30' title='bbox 1488 739 1938 826; x_wconf 82' lang='lat' dir='ltr'><strong>conferamus,</strong></span> <span class='ocrx_word' id='word_1_31' title='bbox 1998 752 2074 809; x_wconf 88' lang='lat' dir='ltr'><strong>ut</strong></span> <span class='ocrx_word' id='word_1_32' title='bbox 2126 783 2207 795; x_wconf 89' lang='lat'><strong>—-</strong></span> <span class='ocrx_word' id='word_1_33' title='bbox 2266 745 2484 829; x_wconf 88' lang='lat' dir='ltr'><strong>quoad</strong></span> <span class='ocrx_word' id='word_1_34' title='bbox 2539 746 2622 812; x_wconf 89' lang='lat' dir='ltr'><strong>de</strong></span> 
     </span>
     <span class='ocr_line' id='line_1_7' title="bbox 292 837 2622 937; baseline 0.005 -35"><span class='ocrx_word' id='word_1_35' title='bbox 292 837 414 904; x_wconf 83' lang='lat' dir='ltr'><strong>hac</strong></span> <span class='ocrx_word' id='word_1_36' title='bbox 460 862 529 902; x_wconf 88' lang='lat' dir='ltr'><strong>re</strong></span> <span class='ocrx_word' id='word_1_37' title='bbox 568 838 1269 927; x_wconf 76' lang='lat' dir='ltr'><strong>judicarepossumus</strong></span> <span class='ocrx_word' id='word_1_38' title='bbox 1312 879 1399 888; x_wconf 87' lang='lat'><strong>-—</strong></span> <span class='ocrx_word' id='word_1_39' title='bbox 1443 864 1635 909; x_wconf 84' lang='lat' dir='ltr'><strong>veras</strong></span> <span class='ocrx_word' id='word_1_40' title='bbox 1697 843 2122 931; x_wconf 77' lang='lat' dir='ltr'><strong>relegationis</strong></span> <span class='ocrx_word' id='word_1_41' title='bbox 2180 869 2415 916; x_wconf 87' lang='lat' dir='ltr'><strong>causas</strong></span> <span class='ocrx_word' id='word_1_42' title='bbox 2460 872 2622 937; x_wconf 89' lang='lat' dir='ltr'><strong>per-</strong></span> 
     </span>
     <span class='ocr_line' id='line_1_8' title="bbox 292 937 2622 1039; baseline 0.005 -34"><span class='ocrx_word' id='word_1_43' title='bbox 292 940 668 1027; x_wconf 80' lang='lat' dir='ltr'><strong>spiciamus.</strong></span> <span class='ocrx_word' id='word_1_44' title='bbox 770 944 874 1009; x_wconf 83' lang='lat' dir='ltr'><strong>Ac</strong></span> <span class='ocrx_word' id='word_1_45' title='bbox 929 937 1210 1029; x_wconf 85' lang='lat' dir='ltr'><strong>primum</strong></span> <span class='ocrx_word' id='word_1_46' title='bbox 1268 943 1563 1028; x_wconf 88' lang='lat' dir='ltr'><strong>quidem,</strong></span> <span class='ocrx_word' id='word_1_47' title='bbox 1624 946 2004 1034; x_wconf 77' lang='lat' dir='ltr'><strong>priusquam</strong></span> <span class='ocrx_word' id='word_1_48' title='bbox 2063 949 2412 1038; x_wconf 84' lang='lat' dir='ltr'><strong>opiniones</strong></span> <span class='ocrx_word' id='word_1_49' title='bbox 2469 974 2622 1039; x_wconf 88' lang='lat' dir='ltr'><strong>per-</strong></span> 
     </span>
     <span class='ocr_line' id='line_1_9' title="bbox 291 1044 2627 1136; baseline 0.005 -28"><span class='ocrx_word' id='word_1_50' title='bbox 291 1044 666 1127; x_wconf 85' lang='lat' dir='ltr'><strong>lustremus‚</strong></span> <span class='ocrx_word' id='word_1_51' title='bbox 718 1066 880 1129; x_wconf 86' lang='lat' dir='ltr'><strong>quas</strong></span> <span class='ocrx_word' id='word_1_52' title='bbox 927 1046 1048 1111; x_wconf 86' lang='lat' dir='ltr'><strong>viri</strong></span> <span class='ocrx_word' id='word_1_53' title='bbox 1096 1046 1277 1112; x_wconf 88' lang='lat' dir='ltr'><strong>docti</strong></span> <span class='ocrx_word' id='word_1_54' title='bbox 1325 1046 1542 1114; x_wconf 86' lang='lat' dir='ltr'><strong>adhuc</strong></span> <span class='ocrx_word' id='word_1_55' title='bbox 1585 1061 2075 1136; x_wconf 85' lang='lat' dir='ltr'><strong>proposuerunt</strong></span> <span class='ocrx_word' id='word_1_56' title='bbox 2120 1053 2202 1121; x_wconf 91' lang='lat' dir='ltr'><strong>de</strong></span> <span class='ocrx_word' id='word_1_57' title='bbox 2250 1053 2374 1120; x_wconf 84' lang='lat' dir='ltr'><strong>hac</strong></span> <span class='ocrx_word' id='word_1_58' title='bbox 2420 1076 2512 1135; x_wconf 90' lang='lat' dir='ltr'><strong>re,</strong></span> <span class='ocrx_word' id='word_1_59' title='bbox 2560 1064 2627 1120; x_wconf 92' lang='lat' dir='ltr'><strong>et</strong></span> 
     </span>
     <span class='ocr_line' id='line_1_10' title="bbox 297 1149 2624 1242; baseline 0.005 -30"><span class='ocrx_word' id='word_1_60' title='bbox 297 1155 647 1232; x_wconf 82' lang='lat' dir='ltr'>antequam</span> <span class='ocrx_word' id='word_1_61' title='bbox 694 1156 984 1214; x_wconf 88' lang='lat' dir='ltr'><strong>nostram</strong></span> <span class='ocrx_word' id='word_1_62' title='bbox 1014 1149 1309 1235; x_wconf 88' lang='lat' dir='ltr'><strong>ipsorum</strong></span> <span class='ocrx_word' id='word_1_63' title='bbox 1341 1152 1737 1217; x_wconf 85' lang='lat' dir='ltr'><strong>sententiam</strong></span> <span class='ocrx_word' id='word_1_64' title='bbox 1769 1155 2201 1240; x_wconf 80' lang='lat' dir='ltr'><strong>proferamus,</strong></span> <span class='ocrx_word' id='word_1_65' title='bbox 2247 1157 2427 1223; x_wconf 78' lang='lat' dir='ltr'><strong>varia</strong></span> <span class='ocrx_word' id='word_1_66' title='bbox 2458 1180 2624 1242; x_wconf 87' lang='lat' dir='ltr'><strong>quae</strong></span> 
     </span>
     <span class='ocr_line' id='line_1_11' title="bbox 293 1244 2627 1340; baseline 0.005 -25"><span class='ocrx_word' id='word_1_67' title='bbox 293 1250 481 1337; x_wconf 87' lang='lat' dir='ltr'><strong>apud.</strong></span> <span class='ocrx_word' id='word_1_68' title='bbox 519 1248 831 1317; x_wconf 87' lang='lat' dir='ltr'><strong>Ovidium</strong></span> <span class='ocrx_word' id='word_1_69' title='bbox 891 1251 1176 1319; x_wconf 81' lang='lat' dir='ltr'><strong>obscure</strong></span> <span class='ocrx_word' id='word_1_70' title='bbox 1241 1251 1420 1319; x_wconf 87' lang='lat' dir='ltr'><strong>dicta</strong></span> <span class='ocrx_word' id='word_1_71' title='bbox 1471 1255 1919 1340; x_wconf 86' lang='lat' dir='ltr'><strong>reperiuntur,</strong></span> <span class='ocrx_word' id='word_1_72' title='bbox 1986 1260 2386 1326; x_wconf 89' lang='lat' dir='ltr'><strong>conferenda</strong></span> <span class='ocrx_word' id='word_1_73' title='bbox 2435 1244 2627 1326; x_wconf 86' lang='lat' dir='ltr'><strong>nobis</strong></span> 
     </span>
     <span class='ocr_line' id='line_1_12' title="bbox 294 1355 2624 1449; baseline 0.006 -32"><span class='ocrx_word' id='word_1_74' title='bbox 294 1361 732 1437; x_wconf 75' lang='lat' dir='ltr'><strong>accurateque</strong></span> <span class='ocrx_word' id='word_1_75' title='bbox 792 1355 1264 1443; x_wconf 87' lang='lat' dir='ltr'><strong>perpendenda</strong></span> <span class='ocrx_word' id='word_1_76' title='bbox 1325 1377 1471 1421; x_wconf 89' lang='lat' dir='ltr'><strong>esse</strong></span> <span class='ocrx_word' id='word_1_77' title='bbox 1531 1357 1865 1443; x_wconf 86' lang='lat' dir='ltr'><strong>videntur,</strong></span> <span class='ocrx_word' id='word_1_78' title='bbox 1937 1369 2038 1449; x_wconf 80' lang='lat' dir='ltr'><strong>ut,</strong></span> <span class='ocrx_word' id='word_1_79' title='bbox 2090 1362 2264 1428; x_wconf 88' lang='lat' dir='ltr'><strong>unde</strong></span> <span class='ocrx_word' id='word_1_80' title='bbox 2324 1363 2624 1432; x_wconf 89' lang='lat' dir='ltr'><strong>omnibus</strong></span> 
     </span>
     <span class='ocr_line' id='line_1_13' title="bbox 297 1455 2116 1545; baseline 0.004 -23"><span class='ocrx_word' id='word_1_81' title='bbox 297 1455 697 1540; x_wconf 68' lang='lat' dir='ltr'><strong>conjecturis</strong></span> <span class='ocrx_word' id='word_1_82' title='bbox 744 1458 1116 1525; x_wconf 77' lang='lat' dir='ltr'><strong>exeundum</strong></span> <span class='ocrx_word' id='word_1_83' title='bbox 1163 1458 1266 1541; x_wconf 87' lang='lat' dir='ltr'><strong>sit,</strong></span> <span class='ocrx_word' id='word_1_84' title='bbox 1314 1458 1713 1545; x_wconf 88' lang='lat' dir='ltr'><strong>principium</strong></span> <span class='ocrx_word' id='word_1_85' title='bbox 1758 1471 2116 1536; x_wconf 82' lang='lat' dir='ltr'><strong>teneamus.</strong></span> 
     </span>
    </p>
   </div>
   <div class='ocr_carea' id='block_1_5' title="bbox 293 1584 2628 1774">
    <p class='ocr_par' dir='ltr' id='par_1_5' title="bbox 293 1584 2628 1774">
     <span class='ocr_line' id='line_1_14' title="bbox 469 1584 2628 1682; baseline 0.006 -35"><span class='ocrx_word' id='word_1_86' title='bbox 469 1584 691 1667; x_wconf 86' lang='lat' dir='ltr'><strong>Viam,</strong></span> <span class='ocrx_word' id='word_1_87' title='bbox 760 1607 926 1669; x_wconf 86' lang='lat' dir='ltr'><strong>quae</strong></span> <span class='ocrx_word' id='word_1_88' title='bbox 986 1585 1112 1652; x_wconf 87' lang='lat' dir='ltr'><strong>hac</strong></span> <span class='ocrx_word' id='word_1_89' title='bbox 1168 1587 1234 1652; x_wconf 94' lang='lat' dir='ltr'><strong>in</strong></span> <span class='ocrx_word' id='word_1_90' title='bbox 1295 1588 1682 1672; x_wconf 83' lang='lat' dir='ltr'><strong>quaestione</strong></span> <span class='ocrx_word' id='word_1_91' title='bbox 1746 1590 2176 1679; x_wconf 78' lang='lat' dir='ltr'><strong>ingredienda</strong></span> <span class='ocrx_word' id='word_1_92' title='bbox 2229 1601 2359 1677; x_wconf 86' lang='lat' dir='ltr'><strong>est,</strong></span> <span class='ocrx_word' id='word_1_93' title='bbox 2429 1604 2628 1682; x_wconf 85' lang='lat' dir='ltr'><strong>poeta</strong></span> 
     </span>
     <span class='ocr_line' id='line_1_15' title="bbox 293 1687 1990 1774; baseline 0.007 -24"><span class='ocrx_word' id='word_1_94' title='bbox 293 1687 439 1774; x_wconf 89' lang='lat' dir='ltr'><strong>ipse</strong></span> <span class='ocrx_word' id='word_1_95' title='bbox 488 1687 913 1770; x_wconf 89' lang='lat' dir='ltr'><strong>demonstrat,</strong></span> <span class='ocrx_word' id='word_1_96' title='bbox 962 1687 1161 1758; x_wconf 86' lang='lat' dir='ltr'><strong>Trist.</strong></span> <span class='ocrx_word' id='word_1_97' title='bbox 1212 1689 1302 1761; x_wconf 87' lang='lat'><strong>11.</strong></span> <span class='ocrx_word' id='word_1_98' title='bbox 1346 1691 1693 1757; x_wconf 70' lang='lat'>207—212</span> <span class='ocrx_word' id='word_1_99' title='bbox 1737 1692 1990 1762; x_wconf 83' lang='lat' dir='ltr'><strong>verbis:</strong></span> 
     </span>
    </p>
   </div>
   <div class='ocr_carea' id='block_1_6' title="bbox 332 1788 2498 2186">
    <p class='ocr_par' dir='ltr' id='par_1_6' title="bbox 332 1788 2498 2186">
     <span class='ocr_line' id='line_1_16' title="bbox 385 1788 2498 1880; baseline 0.005 -25"><span class='ocrx_word' id='word_1_100' title='bbox 385 1789 849 1872; x_wconf 82' lang='lat' dir='ltr'><strong>„Perdiderint</strong></span> <span class='ocrx_word' id='word_1_101' title='bbox 891 1812 1036 1859; x_wconf 87' lang='lat' dir='ltr'><strong>eum</strong></span> <span class='ocrx_word' id='word_1_102' title='bbox 1082 1816 1186 1859; x_wconf 90' lang='lat' dir='ltr'><strong>me</strong></span> <span class='ocrx_word' id='word_1_103' title='bbox 1234 1793 1365 1861; x_wconf 89' lang='lat' dir='ltr'><strong>duo</strong></span> <span class='ocrx_word' id='word_1_104' title='bbox 1414 1792 1705 1873; x_wconf 86' lang='lat' dir='ltr'><strong>crimina,</strong></span> <span class='ocrx_word' id='word_1_105' title='bbox 1752 1817 2065 1860; x_wconf 86' lang='lat' dir='ltr'><strong>carmen</strong></span> <span class='ocrx_word' id='word_1_106' title='bbox 2113 1803 2194 1860; x_wconf 86' lang='lat' dir='ltr'><strong>et</strong></span> <span class='ocrx_word' id='word_1_107' title='bbox 2240 1788 2498 1880; x_wconf 86' lang='lat' dir='ltr'><strong>error,</strong></span> 
     </span>
     <span class='ocr_line' id='line_1_17' title="bbox 351 1892 2046 1984; baseline 0.004 -25"><span class='ocrx_word' id='word_1_108' title='bbox 351 1962 357 1969; x_wconf 72' lang='grc'><em>,</em></span> <span class='ocrx_word' id='word_1_109' title='bbox 556 1892 846 1960; x_wconf 88' lang='lat' dir='ltr'><strong>Alterius</strong></span> <span class='ocrx_word' id='word_1_110' title='bbox 890 1894 1047 1961; x_wconf 88' lang='lat' dir='ltr'><strong>facti</strong></span> <span class='ocrx_word' id='word_1_111' title='bbox 1096 1897 1292 1984; x_wconf 88' lang='lat' dir='ltr'><strong>culpa</strong></span> <span class='ocrx_word' id='word_1_112' title='bbox 1336 1895 1593 1962; x_wconf 84' lang='lat' dir='ltr'><strong>silenda</strong></span> <span class='ocrx_word' id='word_1_113' title='bbox 1637 1896 1793 1963; x_wconf 88' lang='lat' dir='ltr'><strong>mihi</strong></span> <span class='ocrx_word' id='word_1_114' title='bbox 1839 1946 1855 1962; x_wconf 88' lang='lat'><strong>.</strong></span> <span class='ocrx_word' id='word_1_115' title='bbox 1903 1953 1917 1968; x_wconf 90' lang='lat'><strong>.</strong></span> <span class='ocrx_word' id='word_1_116' title='bbox 1964 1949 1980 1966; x_wconf 88' lang='lat'><strong>.</strong></span> <span class='ocrx_word' id='word_1_117' title='bbox 2028 1947 2046 1966; x_wconf 86' lang='lat'><strong>.</strong></span> 
     </span>
     <span class='ocr_line' id='line_1_18' title="bbox 332 1990 2204 2086; baseline 0.004 -25"><span class='ocrx_word' id='word_1_118' title='bbox 332 1990 335 1993; x_wconf 67' lang='grc'><strong>’</strong></span> <span class='ocrx_word' id='word_1_119' title='bbox 383 1995 658 2079; x_wconf 85' lang='lat' dir='ltr'><strong>„Altera</strong></span> <span class='ocrx_word' id='word_1_120' title='bbox 700 2019 855 2083; x_wconf 83' lang='lat' dir='ltr'><strong>pars</strong></span> <span class='ocrx_word' id='word_1_121' title='bbox 901 2008 1224 2083; x_wconf 87' lang='lat' dir='ltr'><strong>superest,</strong></span> <span class='ocrx_word' id='word_1_122' title='bbox 1270 2021 1402 2084; x_wconf 85' lang='lat' dir='ltr'><strong>qua</strong></span> <span class='ocrx_word' id='word_1_123' title='bbox 1446 2000 1622 2086; x_wconf 90' lang='lat' dir='ltr'><strong>turpi</strong></span> <span class='ocrx_word' id='word_1_124' title='bbox 1672 2000 1943 2066; x_wconf 89' lang='lat' dir='ltr'><strong>crimine</strong></span> <span class='ocrx_word' id='word_1_125' title='bbox 1988 2010 2204 2069; x_wconf 86' lang='lat' dir='ltr'><strong>tactus</strong></span> 
     </span>
     <span class='ocr_line' id='line_1_19' title="bbox 557 2100 1892 2186; baseline 0.004 -23"><span class='ocrx_word' id='word_1_126' title='bbox 557 2102 825 2186; x_wconf 88' lang='lat' dir='ltr'><strong>Arguor</strong></span> <span class='ocrx_word' id='word_1_127' title='bbox 872 2100 1192 2169; x_wconf 87' lang='lat' dir='ltr'><strong>obscoeni</strong></span> <span class='ocrx_word' id='word_1_128' title='bbox 1238 2101 1476 2168; x_wconf 89' lang='lat' dir='ltr'><strong>doctor</strong></span> <span class='ocrx_word' id='word_1_129' title='bbox 1522 2102 1892 2169; x_wconf 84' lang='lat' dir='ltr'><strong>adulterii.·‘</strong></span> 
     </span>
    </p>
   </div>
   <div class='ocr_carea' id='block_1_7' title="bbox 298 2227 2634 3348">
    <p class='ocr_par' dir='ltr' id='par_1_7' title="bbox 298 2227 2634 3141">
     <span class='ocr_line' id='line_1_20' title="bbox 474 2227 2630 2316; baseline 0.002 -22"><span class='ocrx_word' id='word_1_130' title='bbox 474 2227 808 2312; x_wconf 85' lang='lat' dir='ltr'><strong>Carmina,</strong></span> <span class='ocrx_word' id='word_1_131' title='bbox 840 2228 1158 2315; x_wconf 88' lang='lat' dir='ltr'><strong>imprimis</strong></span> <span class='ocrx_word' id='word_1_132' title='bbox 1190 2252 1385 2314; x_wconf 88' lang='lat' dir='ltr'><strong>quam</strong></span> <span class='ocrx_word' id='word_1_133' title='bbox 1417 2229 1779 2316; x_wconf 87' lang='lat' dir='ltr'><strong>scripserat</strong></span> <span class='ocrx_word' id='word_1_134' title='bbox 1801 2233 2032 2298; x_wconf 84' lang='lat' dir='ltr'><strong>Artem</strong></span> <span class='ocrx_word' id='word_1_135' title='bbox 2066 2232 2327 2299; x_wconf 85' lang='lat' dir='ltr'><strong>amandi</strong></span> <span class='ocrx_word' id='word_1_136' title='bbox 2361 2235 2630 2298; x_wconf 83' lang='lat' dir='ltr'><strong>alteram</strong></span> 
     </span>
     <span class='ocr_line' id='line_1_21' title="bbox 298 2332 2632 2421; baseline 0 -22"><span class='ocrx_word' id='word_1_137' title='bbox 298 2335 501 2400; x_wconf 83' lang='lat' dir='ltr'><strong>fuisse</strong></span> <span class='ocrx_word' id='word_1_138' title='bbox 549 2352 834 2418; x_wconf 85' lang='lat' dir='ltr'><strong>causam,</strong></span> <span class='ocrx_word' id='word_1_139' title='bbox 882 2354 1000 2398; x_wconf 87' lang='lat' dir='ltr'><strong>cur</strong></span> <span class='ocrx_word' id='word_1_140' title='bbox 1045 2333 1126 2397; x_wconf 85' lang='lat' dir='ltr'><strong>ab</strong></span> <span class='ocrx_word' id='word_1_141' title='bbox 1160 2335 1468 2419; x_wconf 81' lang='lat' dir='ltr'><strong>Augusto</strong></span> <span class='ocrx_word' id='word_1_142' title='bbox 1514 2332 1846 2421; x_wconf 83' lang='lat' dir='ltr'><strong>relegatus</strong></span> <span class='ocrx_word' id='word_1_143' title='bbox 1889 2344 2099 2419; x_wconf 86' lang='lat' dir='ltr'><strong>esset,</strong></span> <span class='ocrx_word' id='word_1_144' title='bbox 2144 2333 2426 2403; x_wconf 87' lang='lat' dir='ltr'><strong>Ovidius</strong></span> <span class='ocrx_word' id='word_1_145' title='bbox 2471 2334 2632 2400; x_wconf 87' lang='lat' dir='ltr'><strong>satis</strong></span> 
     </span>
     <span class='ocr_line' id='line_1_22' title="bbox 300 2434 2627 2523; baseline 0.001 -23"><span class='ocrx_word' id='word_1_146' title='bbox 300 2455 631 2523; x_wconf 87' lang='lat' dir='ltr'><strong>superque</strong></span> <span class='ocrx_word' id='word_1_147' title='bbox 679 2434 982 2507; x_wconf 86' lang='lat' dir='ltr'><strong>affirmat.</strong></span> <span class='ocrx_word' id='word_1_148' title='bbox 1072 2435 1546 2520; x_wconf 81' lang='lat' dir='ltr'><strong>Praeterquam</strong></span> <span class='ocrx_word' id='word_1_149' title='bbox 1602 2436 1781 2522; x_wconf 89' lang='lat' dir='ltr'><strong>quod</strong></span> <span class='ocrx_word' id='word_1_150' title='bbox 1839 2439 1985 2504; x_wconf 82' lang='lat' dir='ltr'><strong>fere</strong></span> <span class='ocrx_word' id='word_1_151' title='bbox 2049 2446 2230 2505; x_wconf 85' lang='lat' dir='ltr'><strong>totus</strong></span> <span class='ocrx_word' id='word_1_152' title='bbox 2291 2436 2627 2505; x_wconf 84' lang='lat' dir='ltr'><strong>secundus</strong></span> 
     </span>
     <span class='ocr_line' id='line_1_23' title="bbox 299 2535 2630 2626; baseline -0 -21"><span class='ocrx_word' id='word_1_153' title='bbox 299 2536 616 2605; x_wconf 85' lang='lat' dir='ltr'><strong>Tristium</strong></span> <span class='ocrx_word' id='word_1_154' title='bbox 668 2535 842 2603; x_wconf 89' lang='lat' dir='ltr'><strong>liber</strong></span> <span class='ocrx_word' id='word_1_155' title='bbox 893 2537 960 2604; x_wconf 90' lang='lat' dir='ltr'><strong>in</strong></span> <span class='ocrx_word' id='word_1_156' title='bbox 1012 2537 1542 2626; x_wconf 83' lang='lat' dir='ltr'><strong>redarguendum</strong></span> <span class='ocrx_word' id='word_1_157' title='bbox 1604 2539 1731 2607; x_wconf 87' lang='lat' dir='ltr'><strong>hoc</strong></span> <span class='ocrx_word' id='word_1_158' title='bbox 1798 2540 2046 2605; x_wconf 89' lang='lat' dir='ltr'><strong>crimen</strong></span> <span class='ocrx_word' id='word_1_159' title='bbox 2115 2540 2198 2607; x_wconf 85' lang='lat' dir='ltr'><strong>ad</strong></span> <span class='ocrx_word' id='word_1_160' title='bbox 2256 2542 2630 2622; x_wconf 85' lang='lat' dir='ltr'><strong>Augustum</strong></span> 
     </span>
     <span class='ocr_line' id='line_1_24' title="bbox 300 2640 2630 2732; baseline -0.001 -24"><span class='ocrx_word' id='word_1_161' title='bbox 300 2641 587 2727; x_wconf 89' lang='lat' dir='ltr'><strong>scriptus</strong></span> <span class='ocrx_word' id='word_1_162' title='bbox 643 2648 773 2724; x_wconf 85' lang='lat' dir='ltr'><strong>est,</strong></span> <span class='ocrx_word' id='word_1_163' title='bbox 824 2640 1098 2729; x_wconf 75' lang='lat' dir='ltr'><strong>triginta</strong></span> <span class='ocrx_word' id='word_1_164' title='bbox 1155 2642 1442 2728; x_wconf 90' lang='lat' dir='ltr'><strong>quinque</strong></span> <span class='ocrx_word' id='word_1_165' title='bbox 1499 2641 1822 2728; x_wconf 86' lang='lat' dir='ltr'><strong>ejusmodi</strong></span> <span class='ocrx_word' id='word_1_166' title='bbox 1862 2641 2084 2732; x_wconf 77' lang='lat' dir='ltr'><strong>locos,</strong></span> <span class='ocrx_word' id='word_1_167' title='bbox 2138 2665 2259 2728; x_wconf 88' lang='lat' dir='ltr'><strong>per</strong></span> <span class='ocrx_word' id='word_1_168' title='bbox 2313 2641 2630 2717; x_wconf 80' lang='lat' dir='ltr'><strong>Tristinm</strong></span> 
     </span>
     <span class='ocr_line' id='line_1_25' title="bbox 301 2743 2630 2832; baseline 0 -24"><span class='ocrx_word' id='word_1_169' title='bbox 301 2743 882 2831; x_wconf 81' lang='lat' dir='ltr'><strong>Epistolarumque</strong></span> <span class='ocrx_word' id='word_1_170' title='bbox 927 2743 1133 2815; x_wconf 88' lang='lat' dir='ltr'><strong>libros</strong></span> <span class='ocrx_word' id='word_1_171' title='bbox 1177 2766 1476 2832; x_wconf 80' lang='lat' dir='ltr'><strong>sparsos,</strong></span> <span class='ocrx_word' id='word_1_172' title='bbox 1536 2743 2075 2816; x_wconf 82' lang='lat' dir='ltr'><strong>enumeravimus.</strong></span> <span class='ocrx_word' id='word_1_173' title='bbox 2165 2746 2390 2831; x_wconf 86' lang='lat' dir='ltr'><strong>Atque</strong></span> <span class='ocrx_word' id='word_1_174' title='bbox 2435 2766 2630 2831; x_wconf 84' lang='lat' dir='ltr'><strong>argu-</strong></span> 
     </span>
     <span class='ocr_line' id='line_1_26' title="bbox 301 2846 2630 2934; baseline 0 -21"><span class='ocrx_word' id='word_1_175' title='bbox 301 2856 440 2913; x_wconf 86' lang='lat' dir='ltr'><strong>tum</strong></span> <span class='ocrx_word' id='word_1_176' title='bbox 487 2870 558 2913; x_wconf 90' lang='lat' dir='ltr'><strong>se</strong></span> <span class='ocrx_word' id='word_1_177' title='bbox 604 2867 752 2912; x_wconf 88' lang='lat' dir='ltr'><strong>esse</strong></span> <span class='ocrx_word' id='word_1_178' title='bbox 799 2846 1105 2914; x_wconf 83' lang='lat' dir='ltr'><strong>adulterii</strong></span> <span class='ocrx_word' id='word_1_179' title='bbox 1153 2849 1339 2934; x_wconf 85' lang='lat' dir='ltr'><strong>quasi</strong></span> <span class='ocrx_word' id='word_1_180' title='bbox 1386 2847 1725 2914; x_wconf 83' lang='lat' dir='ltr'><strong>doetrinae</strong></span> <span class='ocrx_word' id='word_1_181' title='bbox 1759 2847 1925 2913; x_wconf 84' lang='lat' dir='ltr'><strong>Arte</strong></span> <span class='ocrx_word' id='word_1_182' title='bbox 1971 2870 2093 2915; x_wconf 86' lang='lat' dir='ltr'><strong>sua</strong></span> <span class='ocrx_word' id='word_1_183' title='bbox 2124 2847 2357 2914; x_wconf 87' lang='lat' dir='ltr'><strong>animis</strong></span> <span class='ocrx_word' id='word_1_184' title='bbox 2394 2849 2630 2933; x_wconf 82' lang='lat' dir='ltr'><strong>juven-</strong></span> 
     </span>
     <span class='ocr_line' id='line_1_27' title="bbox 300 2948 2634 3038; baseline -0.002 -22"><span class='ocrx_word' id='word_1_185' title='bbox 300 2952 462 3018; x_wconf 87' lang='lat' dir='ltr'><strong>tutis</strong></span> <span class='ocrx_word' id='word_1_186' title='bbox 526 2950 798 3033; x_wconf 84' lang='lat' dir='ltr'><strong>insitae,</strong></span> <span class='ocrx_word' id='word_1_187' title='bbox 864 2959 1128 3037; x_wconf 85' lang='lat' dir='ltr'><strong>praeter</strong></span> <span class='ocrx_word' id='word_1_188' title='bbox 1195 2953 1414 3018; x_wconf 86' lang='lat' dir='ltr'><strong>locum</strong></span> <span class='ocrx_word' id='word_1_189' title='bbox 1487 2973 1687 3038; x_wconf 86' lang='lat' dir='ltr'><strong>supra</strong></span> <span class='ocrx_word' id='word_1_190' title='bbox 1759 2951 2092 3016; x_wconf 81' lang='lat' dir='ltr'><strong>laudatum</strong></span> <span class='ocrx_word' id='word_1_191' title='bbox 2158 2951 2404 3017; x_wconf 87' lang='lat' dir='ltr'><strong>diserte</strong></span> <span class='ocrx_word' id='word_1_192' title='bbox 2472 2948 2634 3013; x_wconf 82' lang='lat' dir='ltr'><strong>dicit</strong></span> 
     </span>
     <span class='ocr_line' id='line_1_28' title="bbox 302 3052 958 3141; baseline -0.002 -20"><span class='ocrx_word' id='word_1_193' title='bbox 302 3054 515 3141; x_wconf 86' lang='lat' dir='ltr'><strong>Epist.</strong></span> <span class='ocrx_word' id='word_1_194' title='bbox 558 3052 688 3123; x_wconf 88' lang='lat'><strong>111.</strong></span> <span class='ocrx_word' id='word_1_195' title='bbox 730 3052 800 3136; x_wconf 76' lang='lat'><strong>3,</strong></span> <span class='ocrx_word' id='word_1_196' title='bbox 846 3052 927 3120; x_wconf 82' lang='lat'><strong>57</strong></span> <span class='ocrx_word' id='word_1_197' title='bbox 944 3074 958 3119; x_wconf 71' lang='grc' dir='ltr'><strong>ε</strong></span> 
     </span>
    </p>

    <p class='ocr_par' dir='ltr' id='par_1_8' title="bbox 393 3139 2199 3348">
     <span class='ocr_line' id='line_1_29' title="bbox 393 3139 2199 3243; baseline 0.001 -22"><span class='ocrx_word' id='word_1_198' title='bbox 393 3156 616 3240; x_wconf 81' lang='lat' dir='ltr'><strong>„Quid</strong></span> <span class='ocrx_word' id='word_1_199' title='bbox 663 3164 881 3221; x_wconf 86' lang='lat' dir='ltr'><strong>tamen</strong></span> <span class='ocrx_word' id='word_1_200' title='bbox 930 3154 1061 3221; x_wconf 86' lang='lat' dir='ltr'><strong>hoc</strong></span> <span class='ocrx_word' id='word_1_201' title='bbox 1106 3154 1401 3243; x_wconf 70' lang='lat' dir='ltr'><strong>prodest,</strong></span> <span class='ocrx_word' id='word_1_202' title='bbox 1446 3157 1633 3222; x_wconf 86' lang='lat' dir='ltr'><strong>vetiti</strong></span> <span class='ocrx_word' id='word_1_203' title='bbox 1680 3155 1736 3222; x_wconf 92' lang='lat' dir='ltr'><strong>si</strong></span> <span class='ocrx_word' id='word_1_204' title='bbox 1782 3139 1928 3243; x_wconf 62' lang='lat' dir='ltr'><strong>lege</strong></span> <span class='ocrx_word' id='word_1_205' title='bbox 1970 3177 2199 3223; x_wconf 85' lang='lat' dir='ltr'><strong>severa</strong></span> 
     </span>
     <span class='ocr_line' id='line_1_30' title="bbox 569 3255 1981 3348; baseline -0.001 -22"><span class='ocrx_word' id='word_1_206' title='bbox 569 3255 828 3326; x_wconf 84' lang='lat' dir='ltr'><strong>Credor</strong></span> <span class='ocrx_word' id='word_1_207' title='bbox 872 3256 1177 3324; x_wconf 84' lang='lat' dir='ltr'><strong>adulterii</strong></span> <span class='ocrx_word' id='word_1_208' title='bbox 1226 3258 1681 3348; x_wconf 85' lang='lat' dir='ltr'><strong>composuisse</strong></span> <span class='ocrx_word' id='word_1_209' title='bbox 1723 3262 1981 3339; x_wconf 50' lang='lat' dir='ltr'><strong>notas?</strong></span> 
     </span>
    </p>
   </div>
   <div class='ocr_carea' id='block_1_8' title="bbox 379 3368 2726 3473">
    <p class='ocr_par' dir='ltr' id='par_1_9' title="bbox 379 3368 2726 3473">
     <span class='ocr_line' id='line_1_31' title="bbox 379 3368 2726 3473; baseline -0.003 -19"><span class='ocrx_word' id='word_1_210' title='bbox 379 3422 382 3425; x_wconf 40' lang='lat'>*</span> <span class='ocrx_word' id='word_1_211' title='bbox 474 3385 851 3454; x_wconf 77' lang='lat' dir='ltr'><strong>Refutanda</strong></span> <span class='ocrx_word' id='word_1_212' title='bbox 909 3384 1098 3452; x_wconf 89' lang='lat' dir='ltr'><strong>nobis</strong></span> <span class='ocrx_word' id='word_1_213' title='bbox 1155 3408 1304 3453; x_wconf 89' lang='lat' dir='ltr'><strong>esse</strong></span> <span class='ocrx_word' id='word_1_214' title='bbox 1365 3385 1654 3469; x_wconf 87' lang='lat' dir='ltr'><strong>videtur,</strong></span> <span class='ocrx_word' id='word_1_215' title='bbox 1710 3409 1841 3473; x_wconf 88' lang='lat' dir='ltr'><strong>qua</strong></span> <span class='ocrx_word' id='word_1_216' title='bbox 1883 3368 2060 3453; x_wconf 72' lang='lat' dir='ltr'><strong>liaud</strong></span> <span class='ocrx_word' id='word_1_217' title='bbox 2104 3384 2301 3471; x_wconf 86' lang='lat' dir='ltr'><strong>pauci</strong></span> <span class='ocrx_word' id='word_1_218' title='bbox 2345 3383 2631 3448; x_wconf 86' lang='lat' dir='ltr'><strong>virorum</strong></span> <span class='ocrx_word' id='word_1_219' title='bbox 2723 3384 2726 3387; x_wconf 78' lang='grc'><strong>’</strong></span> 
     </span>
    </p>
   </div>
   <div class='ocr_carea' id='block_1_9' title="bbox 296 3485 2634 4076">
    <p class='ocr_par' dir='ltr' id='par_1_10' title="bbox 296 3485 2634 4076">
     <span class='ocr_line' id='line_1_32' title="bbox 302 3485 2634 3576; baseline -0.005 -17"><span class='ocrx_word' id='word_1_220' title='bbox 302 3492 652 3559; x_wconf 87' lang='lat' dir='ltr'><strong>doctorum</strong></span> <span class='ocrx_word' id='word_1_221' title='bbox 684 3487 900 3555; x_wconf 83' lang='lat' dir='ltr'><strong>adhuc</strong></span> <span class='ocrx_word' id='word_1_222' title='bbox 932 3488 1365 3573; x_wconf 84' lang='lat' dir='ltr'><strong>ducebantur,</strong></span> <span class='ocrx_word' id='word_1_223' title='bbox 1398 3487 1654 3576; x_wconf 82' lang='lat' dir='ltr'><strong>opinio:</strong></span> <span class='ocrx_word' id='word_1_224' title='bbox 1706 3493 1923 3556; x_wconf 84' lang='lat' dir='ltr'><strong>Artem</strong></span> <span class='ocrx_word' id='word_1_225' title='bbox 1957 3485 2219 3554; x_wconf 88' lang='lat' dir='ltr'><strong>amandi</strong></span> <span class='ocrx_word' id='word_1_226' title='bbox 2249 3508 2380 3552; x_wconf 90' lang='lat' dir='ltr'><strong>non</strong></span> <span class='ocrx_word' id='word_1_227' title='bbox 2410 3507 2634 3575; x_wconf 85' lang='lat' dir='ltr'><strong>veram</strong></span> 
     </span>
     <span class='ocr_line' id='line_1_33' title="bbox 299 3587 2633 3675; baseline -0.005 -11"><span class='ocrx_word' id='word_1_228' title='bbox 299 3594 503 3664; x_wconf 86' lang='lat' dir='ltr'><strong>fuisse</strong></span> <span class='ocrx_word' id='word_1_229' title='bbox 578 3591 847 3660; x_wconf 81' lang='lat' dir='ltr'><strong>alteram</strong></span> <span class='ocrx_word' id='word_1_230' title='bbox 930 3589 1143 3658; x_wconf 84' lang='lat' dir='ltr'><strong>exsilii</strong></span> <span class='ocrx_word' id='word_1_231' title='bbox 1223 3613 1519 3675; x_wconf 85' lang='lat' dir='ltr'><strong>causam,</strong></span> <span class='ocrx_word' id='word_1_232' title='bbox 1591 3591 1714 3658; x_wconf 89' lang='lat' dir='ltr'><strong>sed</strong></span> <span class='ocrx_word' id='word_1_233' title='bbox 1788 3598 2041 3657; x_wconf 84' lang='lat' dir='ltr'><strong>tantum</strong></span> <span class='ocrx_word' id='word_1_234' title='bbox 2114 3588 2479 3655; x_wconf 85' lang='lat' dir='ltr'><strong>simulatam</strong></span> <span class='ocrx_word' id='word_1_235' title='bbox 2551 3587 2633 3653; x_wconf 85' lang='lat' dir='ltr'><strong>ab</strong></span> 
     </span>
     <span class='ocr_line' id='line_1_34' title="bbox 299 3688 2631 3785; baseline -0.003 -21"><span class='ocrx_word' id='word_1_236' title='bbox 299 3700 633 3785; x_wconf 83' lang='lat' dir='ltr'><strong>Augusto,</strong></span> <span class='ocrx_word' id='word_1_237' title='bbox 678 3693 912 3761; x_wconf 84' lang='lat' dir='ltr'><strong>horum</strong></span> <span class='ocrx_word' id='word_1_238' title='bbox 961 3694 1237 3761; x_wconf 84' lang='lat' dir='ltr'><strong>maxime</strong></span> <span class='ocrx_word' id='word_1_239' title='bbox 1272 3692 1501 3759; x_wconf 87' lang='lat' dir='ltr'><strong>Ovidii</strong></span> <span class='ocrx_word' id='word_1_240' title='bbox 1547 3693 1896 3761; x_wconf 87' lang='lat' dir='ltr'><strong>verborum</strong></span> <span class='ocrx_word' id='word_1_241' title='bbox 1945 3691 2336 3759; x_wconf 78' lang='lat' dir='ltr'><strong>auctoritate</strong></span> <span class='ocrx_word' id='word_1_242' title='bbox 2369 3688 2631 3758; x_wconf 83' lang='lat' dir='ltr'><strong>muniti:</strong></span> 
     </span>
     <span class='ocr_line' id='line_1_35' title="bbox 296 3797 1204 3889; baseline 0 -22"><span class='ocrx_word' id='word_1_243' title='bbox 296 3799 516 3889; x_wconf 85' lang='lat' dir='ltr'><strong>Epist.</strong></span> <span class='ocrx_word' id='word_1_244' title='bbox 566 3822 670 3872; x_wconf 87' lang='lat' dir='ltr'><strong>ex.</strong></span> <span class='ocrx_word' id='word_1_245' title='bbox 717 3798 795 3866; x_wconf 88' lang='lat' dir='ltr'><strong>P.</strong></span> <span class='ocrx_word' id='word_1_246' title='bbox 842 3797 936 3866; x_wconf 88' lang='lat'><strong>11.</strong></span> <span class='ocrx_word' id='word_1_247' title='bbox 981 3801 1045 3882; x_wconf 87' lang='grc'><strong>9,</strong></span> <span class='ocrx_word' id='word_1_248' title='bbox 1093 3799 1204 3867; x_wconf 67' lang='lat'><strong>73³</strong></span> 
     </span>
     <span class='ocr_line' id='line_1_36' title="bbox 382 3898 2407 3992; baseline -0.004 -20"><span class='ocrx_word' id='word_1_249' title='bbox 382 3903 616 3990; x_wconf 85' lang='lat' dir='ltr'><strong>„Neve</strong></span> <span class='ocrx_word' id='word_1_250' title='bbox 661 3922 856 3992; x_wconf 86' lang='lat' dir='ltr'><strong>roges</strong></span> <span class='ocrx_word' id='word_1_251' title='bbox 903 3901 1067 3990; x_wconf 87' lang='lat' dir='ltr'><strong>quid</strong></span> <span class='ocrx_word' id='word_1_252' title='bbox 1116 3901 1223 3987; x_wconf 86' lang='lat' dir='ltr'><strong>sit,</strong></span> <span class='ocrx_word' id='word_1_253' title='bbox 1270 3899 1538 3968; x_wconf 83' lang='lat' dir='ltr'><strong>stultam</strong></span> <span class='ocrx_word' id='word_1_254' title='bbox 1586 3898 2097 3986; x_wconf 86' lang='lat' dir='ltr'><strong>conscripsimus</strong></span> <span class='ocrx_word' id='word_1_255' title='bbox 2142 3900 2407 3978; x_wconf 79' lang='lat' dir='ltr'><strong>Artem3</strong></span> 
     </span>
     <span class='ocr_line' id='line_1_37' title="bbox 504 4000 2056 4076; baseline -0.003 -1"><span class='ocrx_word' id='word_1_256' title='bbox 504 4000 525 4010; x_wconf 65' lang='lat'><em>⁶</em></span> <span class='ocrx_word' id='word_1_257' title='bbox 563 4009 891 4076; x_wconf 84' lang='lat' dir='ltr'><strong>Innocuas</strong></span> <span class='ocrx_word' id='word_1_258' title='bbox 937 4004 1130 4072; x_wconf 90' lang='lat' dir='ltr'><strong>nobis</strong></span> <span class='ocrx_word' id='word_1_259' title='bbox 1175 4002 1341 4070; x_wconf 87' lang='lat' dir='ltr'><strong>haec</strong></span> <span class='ocrx_word' id='word_1_260' title='bbox 1391 4012 1572 4070; x_wconf 87' lang='lat' dir='ltr'><strong>vetat</strong></span> <span class='ocrx_word' id='word_1_261' title='bbox 1615 4025 1761 4071; x_wconf 88' lang='lat' dir='ltr'><strong>esse</strong></span> <span class='ocrx_word' id='word_1_262' title='bbox 1808 4024 2056 4070; x_wconf 86' lang='lat' dir='ltr'><strong>manns.</strong></span> 
     </span>
    </p>
   </div>
   <div class='ocr_carea' id='block_1_10' title="bbox 2945 1325 2950 1917">
    <p class='ocr_par' dir='ltr' id='par_1_11' title="bbox 2945 1325 2950 1917">
     <span class='ocr_line' id='line_1_38' title="bbox 2945 1325 2950 1917; baseline 0 0"><span class='ocrx_word' id='word_1_263' title='bbox 2945 1325 2950 1917; x_wconf 95' lang='lat' dir='ltr'><strong> </strong></span> 
     </span>
    </p>
   </div>
   <div class='ocr_carea' id='block_1_11' title="bbox 2946 2260 2950 3111">
    <p class='ocr_par' dir='ltr' id='par_1_12' title="bbox 2946 2260 2950 3111">
     <span class='ocr_line' id='line_1_39' title="bbox 2946 2260 2950 3111; baseline 0 0"><span class='ocrx_word' id='word_1_264' title='bbox 2946 2260 2950 3111; x_wconf 95' lang='lat' dir='ltr'><strong> </strong></span> 
     </span>
    </p>
   </div>
  </div>
 </body>
</html>
