2950 4492
304 1199 902 1305 Quemadmodum
941 1233 1066 1279 nos
1111 1210 1522 1297 temporibus
1566 1208 1795 1277 otiosis
1842 1212 2063 1280 suavis
2095 1210 2311 1280 Ovidii
2341 1211 2627 1280 Nasonis

304 1337 488 1380 musa
535 1313 921 1398 delectavit,
981 1315 1075 1382 ita
1127 1315 1273 1382 fere
1329 1336 1592 1400 semper
1646 1334 1789 1380 sors
1835 1313 2012 1381 illius
2039 1323 2295 1402 ⁴poetae
2342 1315 2628 1381 animum

301 1425 597 1483 nostrum
662 1416 853 1485 valde
921 1412 1293 1486 commovit.
1385 1415 1773 1483 Honoratus
1826 1442 1865 1483 a
1908 1417 2160 1504 populo
2217 1441 2521 1502 romano,
2590 1443 2629 1484 a

300 1519 456 1613 viris
484 1517 987 1637 illustrissimis,
1021 1520 1102 1586 ab
1149 1520 1299 1639 ipso
1346 1522 1686 1607 August03
1743 1528 1996 1586 amatus
2041 1519 2122 1586 ab
2170 1543 2373 1585 uxore
2421 1519 2625 1587 dilec-

300 1607 552 1687 tissima
596 1626 694 1687 et
696 1622 746 1688 a
793 1622 961 1689 caris
1007 1621 1263 1712 amicis3
1317 1622 1418 1687 vir
1462 1620 1977 1707 splendidissimi
2042 1620 2287 1688 ordinis
2332 1624 2631 1709 gratissi-

299 1747 549 1843 niaque
577 1727 802 1793 fruens
846 1724 1017 1817 vitae
1052 1725 1428 1792 conditione
1454 1763 1538 1774 —-
1562 1723 1895 1811 relegatus
1927 1724 2147 1791 subito
2181 1725 2264 1790 ad
2297 1737 2650 1793 extremos

296 1826 567 1914 imperii
585 1824 848 1894 romani
879 1808 1077 1907 fines;
1124 1827 1341 1895 mollis
1373 1837 1594 1915 poeta,
1629 1837 2045 1909 „tenerorum
2086 1826 2269 1893 lusor
2301 1830 2639 1895 amorum“

298 1929 378 1994 ad
425 1930 626 1997 rudes
670 1930 1017 2014 barbaros3
1083 1931 1370 2017 „quique
1420 1924 1625 2017 fugax
1667 1952 1916 2016 rerum,
1971 1952 2334 2017 securaque
2379 1930 2445 1996 in
2490 1932 2626 1999 otia

296 2038 527 2099 natus“
576 2033 660 2099 ad
707 2032 1079 2120 „inhospita
1122 2030 1320 2100 litora
1361 2032 1619 2103 Ponti.“
1677 2030 1892 2123 ‘Quid
1938 2033 2193 2117 mirum,
2242 2034 2419 2118 quod
2468 2057 2623 2100 cau-

298 2160 403 2202 sas
475 2136 881 2222 quaerimus,
950 2159 1118 2223 quae
1193 2145 1325 2202 tam
1394 2136 1806 2222 repentinam
1875 2143 2255 2220 tantamque
2325 2138 2623 2204 fortunae

299 2238 817 2305 vicissitudinem
863 2239 1278 2309 adduxerint.

472 2340 625 2424 Qua
666 2341 733 2406 in
781 2341 1165 2426 quaestione
1212 2344 1478 2410 annales
1525 2364 1742 2408 rerum
1789 2363 2204 2407 romanarum
2248 2341 2423 2409 illius
2456 2353 2621 2408 tem-

295 2443 479 2530 poris
524 2445 765 2509 frustra
809 2443 1171 2510 evolvimus
1184 2469 1202 2531 ς
1262 2467 1455 2512 nemo
1511 2455 1742 2512 auctor
1786 2444 1986 2511 vitam
2043 2441 2265 2511 Ovidii
2310 2446 2622 2532 scriptam

294 2547 647 2612 memoriae
691 2545 1006 2634 prodidit,
1053 2547 1159 2612 vix
1207 2571 1286 2614 ac
1344 2571 1426 2617 ne
1485 2547 1593 2613 vix
1651 2547 1914 2633 quidem
1972 2570 2208 2613 nomen
2256 2551 2398 2633 ejus
2446 2549 2620 2635 apud

295 2649 654 2736 scriptores
700 2650 1008 2736 aequales
1057 2660 1638 2718 commemoratum
1700 2649 2017 2718 invenias.
2109 2649 2259 2733 Quo
2308 2653 2621 2737 majorem

293 2754 565 2839 gratiam
611 2762 850 2838 poetae
897 2751 1235 2837 habemus,
1283 2756 1457 2841 quod
1503 2753 1648 2840 ipse
1694 2753 1759 2818 in
1805 2752 2210 2818 carminibus
2253 2752 2491 2819 multas
2538 2755 2621 2820 ad

292 2855 490 2920 vitam
536 2878 718 2922 suam
768 2854 1222 2921 illustrandam
1279 2866 1467 2924 notas
1523 2855 1791 2942 reliquit
1842 2855 1989 2941 (cfr.
2043 2855 2363 2942 imprimis
2423 2854 2620 2923 Trist.

292 2956 411 3027 lv,
462 2959 587 3041 10.)
635 2956 891 3024 Causas
940 2968 1179 3042 autem,
1229 2982 1346 3024 cur
1390 2961 1724 3046 relegatus
1772 2959 1878 3039 sit,
1923 2956 2004 3022 ne
2038 2956 2309 3023 Ovidius
2355 2958 2620 3043 quidem

293 3071 580 3144 enarrat;
651 3061 845 3125 immo
918 3082 1072 3126 vero
1141 3069 1397 3127 tantum
1465 3061 1681 3143 abest,
1751 3068 1826 3125 ut
1894 3061 2170 3146 aperiat,
2238 3071 2312 3126 ut
2378 3061 2619 3128 diserte

292 3160 495 3230 dicat:

548 3264 713 3348 „Illa
758 3267 890 3354 tegi
940 3289 1141 3332 caeca
1186 3268 1456 3334 condita
1507 3274 1704 3333 nocte
1752 3263 2008 3339 decet.“

367 3401 371 3404 >
460 3371 775 3435 Attamen
820 3371 886 3434 in
920 3369 1236 3437 Tristium
1268 3370 1449 3437 libris
1482 3381 1552 3436 et
1580 3368 1643 3433 in
1678 3366 2023 3453 Epistolis,
2071 3392 2237 3453 quae
2271 3369 2352 3435 ab
2386 3369 2619 3437 Ovidio

289 3495 369 3537 ex
417 3471 634 3538 Ponto
679 3472 966 3559 scriptae
998 3471 1187 3538 nobis
1223 3483 1506 3554 exstant,
1552 3482 1685 3537 tam
1718 3470 1923 3537 multa
1954 3474 2096 3558 ejus
2127 3471 2409 3538 obscure
2442 3471 2622 3537 dicta

289 3573 370 3639 de
415 3574 542 3641 hac
595 3596 668 3639 re
714 3573 1160 3661 reperiuntur,
1228 3585 1302 3640 ut
1354 3574 1674 3641 maximae
1744 3576 2269 3660 conjecturarum
2318 3574 2619 3639 varietati

286 3675 473 3743 locus
521 3677 712 3743 datus
761 3676 865 3742 sit.

384 3806 387 3807 ⁷
457 3778 865 3867 Permagnus
937 3801 1243 3847 numerus
1301 3801 1525 3845 eorum
1600 3786 1731 3861 est,
1803 3780 1913 3864 qui
1982 3780 2152 3846 hunc
2207 3777 2271 3841 in
2330 3776 2616 3860 modum,

287 3882 523 3966 quibus
579 3882 796 3949 causis
855 3884 1032 3949 Naso
1091 3882 1337 3950 Tomos
1405 3881 1642 3949 missus
1700 3882 1787 3947 sit
1843 3881 1924 3948 ab
1982 3882 2324 3968 Augusto,
2401 3879 2615 3967 adbuc

286 3987 713 4071 conjecerunt
744 3983 1238 4068 sententiasque
1272 3983 1654 4065 ediderunt;
1686 4007 1899 4071 neque
1933 3993 2150 4049 tamen
2186 3981 2315 4048 ulla
2345 3981 2614 4066 exstitit,
