2950 4492
1401 218 1486 282 ‘lO

1240 309 1365 321 -n———w
1390 312 1421 316 ..-

292 385 804 475 ὃυσχερεστοὶτην
846 387 1184 474 ἀκρίβειαν
1229 386 1445 455 αὐτῶν
1490 394 1844 475 παρέχεται
1886 391 1956 454 ἕν
1999 411 2067 453 τε
2111 384 2240 472 γάρ
2286 389 2367 480 τῇ
2402 386 2606 479 Ῥώμῃ

289 486 509 576 συχνά,
551 494 660 556 καὶ
706 489 889 575 παρὰ
933 493 1029 576 τῷ
1070 488 1337 576 ὑπηκόῳ
1371 493 1572 572 αὐτῆς
1606 489 1841 574 πολλά,
1888 489 2120 577 πρόςτε
2164 485 2242 557 τὸ
2276 494 2607 575 πολέμιον,

288 594 392 659 ἀεὶ
438 599 543 661 καὶ
582 596 748 660 καθ’
794 594 1063 680 ἡμέραν,
1109 593 1192 674 ὡς
1235 602 1452 677 εἰπεῖν,
1499 600 1790 679 γίγνεταί
1834 619 2001 674 τινα,
2045 599 2192 678 περὶ
2236 585 2327 661 ὧν
2369 591 2447 660 τὸ
2492 597 2611 678 μὲν

288 700 501 782 σαφὲς
543 696 753 774 οὐδεὶς
813 698 1079 782 ῥᾳδίως,
1150 700 1267 782 ἔξω
1310 700 1444 765 τῶν
1516 694 1947 781 πραττόντων
1993 694 2181 773 αὐτοὶ,
2251 696 2607 782 γιγνώσκει·

288 803 582 868 πλεῖστοι
630 800 836 867 δ’ὅσοι
882 799 1336 869 οὐδ’ἆκούουσι
1379 798 1501 882 τὴν
1553 797 1766 889 ἀρχὴν
1810 799 1929 890 ὅῑτι
1974 806 2250 885 γέγονεν.
2352 799 2611 882 Quodsi

292 912 523 968 auctor
564 903 658 968 ita
702 903 970 971 disserit
1013 903 1096 970 de
1142 904 1339 971 rebus
1385 903 1694 991 publicis,
1746 903 1906 989 quid
1950 903 2202 988 mirum,
2233 903 2390 969 nihil
2421 902 2612 968 nobis

291 1006 603 1078 traditum
651 1027 797 1071 esse
830 1006 914 1072 de
948 1001 1181 1081 errore,
1219 1006 1507 1092 quodam
1538 1015 1796 1094 poetae,
1846 1007 2143 1092 quamvis
2173 1004 2612 1074 illustrissimi.

291 1107 428 1174 Sed
473 1130 554 1172 ne
612 1108 680 1174 id
739 1109 1001 1193 quidem
1063 1110 1296 1175 mirum
1364 1132 1510 1176 esse
1557 1109 1840 1191 videtur,
1912 1109 2091 1193 quod
2147 1110 2424 1178 Ovidius
2467 1107 2612 1194 ipse

291 1233 579 1276 errorem
625 1234 813 1276 suum
872 1222 1122 1278 tantum
1175 1213 1453 1278 obscure
1526 1212 1942 1298 significavit.
2054 1213 2373 1299 Legimus
2443 1211 2614 1277 enim

287 1312 489 1378 Trist.
533 1314 626 1383 11.
674 1314 829 1380 209:

376 1413 588 1497 „Nam
636 1439 769 1483 non
816 1441 958 1484 sum
1003 1421 1189 1502 tanti,
1236 1428 1310 1484 ut
1351 1442 1665 1485 renovem
1709 1427 1824 1484 tua
1868 1418 2171 1501 vulnera,
2219 1418 2529 1497 Caesar‚“

292 1528 359 1583 et
405 1519 616 1606 Epist.
661 1520 750 1591 ΙΙ.
798 1523 858 1601 2,
906 1522 1019 1587 593

378 1619 731 1701 „Vulneris
775 1623 842 1688 id
893 1647 1103 1710 genus
1150 1634 1269 1705 est,
1321 1625 1497 1709 quod
1548 1649 1693 1690 cum
1743 1626 2034 1692 sanabile
2080 1649 2208 1690 non
2256 1626 2362 1706 sit,

551 1723 703 1791 Non
756 1729 1154 1794 contrectari
1201 1729 1409 1793 tutius
1456 1750 1602 1794 esse
1648 1738 1874 1816 putem
1923 1733 2095 1793 etc.“

466 1828 629 1892 Erat
671 1827 870 1914 igitur
916 1852 1098 1896 error
1144 1841 1380 1918 poetae
1426 1831 1595 1905 talis,
1654 1842 1729 1897 ut
1783 1831 2033 1897 animus
2088 1830 2376 1918 Augusti
2432 1851 2618 1894 acer-

293 1929 561 1996 bissime
610 1953 689 1996 eo
737 1931 1201 2000 offenderetur.
1268 1933 1420 1999 Jam
1468 1935 1526 1999 si
1558 1934 1854 2020 respicis,
1886 1934 2201 2001 Tristium
2250 1940 2317 1997 et
2346 1930 2617 2017 Episto-

295 2032 499 2098 larum
571 2032 799 2114 libros,
883 2036 995 2120 qui
1070 2036 1261 2104 nobis
1331 2047 1608 2120 exstant,
1677 2038 1740 2102 in
1808 2037 2142 2124 publicum
2213 2058 2401 2101 usum
2474 2055 2618 2100 esse

295 2136 604 2223 scriptos,
653 2147 849 2223 atque
899 2137 1214 2205 Ovidium
1264 2140 1688 2206 vehementer
1734 2140 2096 2227 cupivisse,
2156 2148 2228 2203 ut
2272 2140 2620 2225 Augustus

296 2261 559 2324 quoque
609 2262 723 2305 eos
770 2240 1025 2326 legeret
1071 2280 1147 2291 -η
1199 2243 1268 2307 id
1316 2244 1493 2328 quod
1540 2244 1758 2309 multis
1829 2243 2064 2308 blande
2112 2252 2178 2306 et
2232 2238 2624 2327 suppliciter

300 2341 494 2407 dictis
541 2342 607 2406 in
653 2343 1028 2428 Augustum
1076 2345 1473 2431 domumque
1507 2346 1943 2434 principalem
1988 2341 2347 2414 certissime
2379 2341 2620 2408 confir-

290 2453 506 2509 matur
560 2482 644 2493 --
701 2447 857 2529 quid
919 2447 1126 2535 magis
1184 2457 1726 2532 consentaneum,
1797 2471 1989 2535 quam
2039 2446 2296 2514 cavisse·
2339 2442 2620 2532 poetam,

291 2569 371 2613 ne
415 2546 578 2612 iram
627 2547 906 2616 vindicis
963 2551 1060 2615 sui
1117 2575 1345 2638 parum
1405 2562 1785 2618 reverenter
1836 2551 2115 2617 nimisve
2175 2547 2621 2616 inverecunde
2683 2566 2698 2581 ’

293 2649 488 2716 dictis
535 2649 754 2715 denuo
805 2652 1189 2721 lacesseret!
1280 2655 1729 2722 Dubitandum
1778 2678 1908 2720 non
1955 2662 2085 2735 est,
2133 2653 2291 2738 quin
2322 2649 2618 2738 epistolis

290 2753 752 2840 privatissimis
852 2777 1135 2820 errorem
1246 2781 1432 2823 suum
1523 2760 1768 2824 amicos
1859 2755 2210 2843 diligenter
2299 2753 2618 2820 docuerit.

291 2855 568 2923 Accedit
615 2857 812 2943 quod.
865 2852 983 2923 cur
1027 2870 1227 2945 poeta
1273 2861 1340 2926 in
1389 2863 1692 2927 exsilium
1726 2860 1963 2927 missus
2010 2867 2208 2941 esset,
2253 2857 2431 2925 haud
2464 2879 2619 2922 sane

288 2960 704 3025 reconditum
775 2971 933 3044 erat,
1013 2963 1210 3027 immo
1284 2963 1337 3029 si
1416 2965 1631 3030 minus
1700 2961 2042 3051 publicum
2097 2971 2258 3044 erat,
2334 2971 2400 3026 at
2455 2960 2620 3028 intra

288 3062 584 3149 privatos
631 3067 915 3150 parietes
975 3066 1374 3134 narrabatur.
1497 3067 1762 3133 Etenim
1841 3066 2158 3152 scriptum
2246 3076 2347 3129 est
2422 3063 2620 3129 Trist.

289 3164 405 3233 IV.
458 3167 554 3245 10,
603 3166 721 3235 99:

377 3269 641 3334 Causa
687 3294 906 3337 meae
958 3271 1284 3337 cunctis
1339 3271 1663 3340 nimium
1723 3294 2045 3356 quoque
2092 3279 2280 3335 nota
2348 3268 2621 3334 ruinae

551 3373 854 3455 „Indicio
899 3399 1028 3441 non
1079 3386 1180 3441 est
1225 3375 1645 3443 testificanda
1691 3381 1901 3443 me0.“

290 3477 505 3564 Epist.
551 3477 604 3546 Ι.
652 3479 712 3560 7,
758 3477 873 3545 393
1453 3499 1457 3502 ’

381 3579 511 3659 „Et
553 3590 771 3645 tamen
820 3591 894 3647 ut
940 3604 1250 3668 cuperem
1297 3582 1560 3670 culpam
1608 3604 1869 3667 quoque
1920 3602 2117 3666 posse
2163 3578 2412 3663 negari,

547 3680 661 3748 Sic
707 3684 981 3751 facimus
1027 3706 1252 3750 nemo
1301 3686 1570 3750 nescit
1615 3684 1847 3752 abesse
1898 3681 2120 3750 mihi.“

290 3786 508 3873 Epist.
554 3785 647 3854 11.
696 3791 755 3871 3,
806 3788 921 3854 85:
1390 3876 1395 3879 .

379 3888 603 3971 „Cum
637 3889 755 3957 tibi
803 3890 1138 3976 (Maxime)
1186 3894 1548 3974 quaerenti,
1598 3913 1753 3955 num
1801 3913 1999 3956 verus
2056 3887 2377 3954 nuntius
2425 3896 2620 3968 esset,

551 3993 978 4059 Attulerat
1027 3991 1320 4078 culpae
1370 4015 1603 4076 quem
1651 3992 1848 4058 mala
1893 3992 2103 4056 fama
2148 3995 2425 4059 meae.“
