2950 4492
1410 210 1489 282 1'6

453 384 574 452 Alii
623 408 657 449 e
705 385 921 456 verbis
968 393 1224 470 poetae,
1273 386 1485 473 Epist.
1531 388 1569 451 I
1596 388 1675 471 l,
1718 390 1833 456 512

364 487 554 570 „Vidi
599 510 723 574 ego
764 486 1080 573 linigerae
1124 512 1367 559 numen
1412 490 1697 556 violasse
1745 492 2077 574 fatentem,

539 590 757 674 Isidis,
800 590 1053 656 Isiacos
1100 600 1249 658 ante
1295 593 1529 658 sedere
1575 594 1763 659 focos
1814 597 2041 679 seqq.“

277 690 682 778 judicarunt,
746 694 1073 759 Nasonem
1141 694 1225 759 ob
1301 696 1616 783 mysteria
1669 695 1992 780 quaedam
2051 697 2389 763 enuntiata
2455 722 2600 766 esse

277 793 668 880 relegatum.

449 896 622 964 Sunt
667 899 863 963 etiam
908 899 1020 985 qui
1063 910 1396 983 censeant,
1440 903 1745 968 Ovidium
1800 903 1866 966 in
1926 902 2086 966 iram
2136 902 2440 968 Caesaris
2499 903 2598 968 in·-

278 1001 541 1082 cidisse,
589 1000 769 1084 quod
812 1002 908 1065 rei
955 1002 1296 1088 adfuisset,
1346 1026 1518 1090 quae
1580 1004 1797 1072 Dione
1845 1005 2078 1071 Cassio
2136 1013 2403 1071 auctore
2452 1007 2599 1089 (cfr.

275 1102 444 1169 LVI
487 1125 544 1178 c.
589 1104 708 1187 43)
755 1103 815 1168 ei
861 1125 1012 1169 cum
1057 1105 1477 1173 Athenodoro
1526 1106 1923 1194 philosopho
1967 1108 2359 1180 intercessit

278 1278 286 1284 ,
450 1205 652 1272 Haud
698 1206 914 1292 pauci,
962 1206 1252 1290 legentes
1297 1208 1418 1277 hos
1461 1209 1739 1292 Sidonii,
1788 1211 1996 1296 quinti
2044 1209 2288 1276 saeculi
2338 1219 2608 1298 poetae,

278 1329 540 1377 versus:
2511 1329 2525 1336 ’

537 1412 717 1496 „Nec
761 1422 849 1494 te,
898 1413 1187 1480 carmina
1228 1438 1350 1502 per
1394 1414 1749 1482 libidinosa

539 1517 801 1597 Notum,
847 1516 1022 1582 Naso
1068 1525 1272 1600 tener,
1315 1518 1694 1635 Tomosque
1743 1519 2011 1584 missum

540 1618 890 1701 Quondam
938 1617 1306 1685 Caesareae
1353 1621 1546 1687 nimis
1592 1622 1868 1707 puellae,

538 1721 735 1787 Ficto
780 1721 1045 1787 nomine
1090 1722 1422 1787 subditum
1473 1723 1843 1789 Corinnae“

282 1832 673 1908 statuerunt,
732 1847 864 1889 non
926 1846 1071 1891 esse
1120 1825 1409 1908 dubium,
1470 1827 1626 1911 quin
1676 1825 1958 1892 Ovidius
2003 1826 2270 1907 Juliam,
2327 1824 2606 1909 Augusti

277 1928 508 2009 filiam,
587 1928 906 1995 amaverit
972 1928 1465 2013 cantaveritque
1515 1952 1655 1995 eam
1725 1932 2130 2013 „Amorum“
2211 1925 2603 1993 carminibus

277 2031 432 2096 ficto
482 1980 810 2098 Corinnae
854 2053 1115 2098 nomme
1128 2052 1145 2109 3
1190 2030 1259 2096 id
1307 2033 1486 2116 quod
1517 2041 1754 2119 postea
1799 2033 1880 2098 ab
1915 2033 2223 2119 Augusto
2273 2031 2604 2096 detectum

277 2141 517 2220 poetae
570 2155 832 2199 causam
878 2133 1309 2220 relegationis
1350 2134 1573 2200 fuisse.

396 2297 400 2302 .
450 2235 586 2300 Alii
633 2235 926 2320 quidam,
985 2236 1221 2320 quibus
1285 2237 1448 2302 haec
1496 2237 1762 2322 quidem
1819 2237 2042 2324 opinio
2100 2234 2276 2300 baud
2332 2254 2606 2321 prorsus

280 2338 691 2426 displicebat,
741 2345 809 2401 at
836 2346 1120 2424 tempm,
1167 2339 1344 2423 quod
1392 2339 1473 2406 ab
1524 2340 1755 2406 exsilio
1800 2340 2019 2425 Juliae
2064 2337 2236 2404 filiae
2280 2358 2491 2422 usque
2525 2334 2608 2400 ad

279 2441 582 2509 Ovidium
628 2439 987 2526 relegatum
1006 2440 1499 2528 intercesserat,
1544 2443 1735 2510 nimis
1767 2445 2033 2531 longum
2066 2463 2213 2507 esse
2243 2438 2607 2520 videbatur,

278 2545 561 2609 Amores
609 2552 848 2629 poetae
895 2542 977 2609 ad
1022 2544 1294 2628 Juliam,
1347 2554 1611 2633 neptem
1659 2545 1974 2632 Augusti,
2029 2543 2412 2610 referendos
2457 2561 2605 2606 esse

281 2654 699 2733 putaverunt.

452 2751 784 2818 Nasonem
829 2751 1084 2817 incesto
1129 2750 1584 2833 intervenisse,
1635 2750 1812 2835 quod
1845 2752 2189 2837 Augustus
2236 2771 2384 2816 cum
2425 2691 2609 2814 Julia

278 2854 415 2922 filia
461 2854 854 2936 admisisset,
903 2862 1058 2920 sunt
1102 2853 1214 2938 qui
1262 2853 1647 2942 collegerint
1691 2876 1772 2919 ex
1817 2853 1946 2918 hoc
1993 2851 2295 2921 Suetonii
2338 2851 2519 2917 loco.
2575 2899 2584 2905 -

452 2958 701 3044 „Cajus
723 2956 1085 3044 (Caligula)
1113 2957 1454 3044 Agrippae
1487 2979 1562 3023 se¹
1591 2967 1899 3044 nepotem
1929 2978 2145 3041 neque
2179 2953 2362 3022 credi
2392 2974 2605 3038 neque

281 3060 413 3127 dici
458 3061 543 3128 ob
576 3060 1052 3148 ignobilitatem
1085 3064 1226 3147 ejus
1256 3060 1552 3140 volebat3
1599 3059 2021 3147 praedicabat
2051 3066 2290 3139 autem,
2336 3065 2608 3125 matrem

280 3187 465 3230 suam
511 3187 593 3229 ex
635 3165 922 3246 incest0,
981 3162 1159 3249 quod
1208 3165 1551 3248 Augustus
1608 3184 1756 3228 cum
1800 3161 1981 3228 Julia
2031 3161 2165 3227 filia
2208 3160 2606 3241 admisisset,

280 3270 762 3354 procreatam.“

458 3370 673 3453 Quam
720 3371 1096 3457 opinionem
1141 3369 1200 3436 si
1231 3367 1553 3436 Devillius
1600 3366 1893 3434 nominat
1930 3367 2037 3450 „la
2067 3366 2217 3454 plus
2247 3363 2607 3452 repandue,

281 3474 346 3540 la
389 3474 539 3562 plus
596 3474 1084 3561 generalement
1138 3472 1543 3538 accreditee‘
1528 3474 1565 3506 “
1634 3469 1880 3538 addere
1948 3469 2193 3536 oblitus
2249 3490 2396 3536 esse
2450 3464 2607 3532 mihi

284 3577 548 3644 videtur
593 3600 718 3661 „en
763 3577 1084 3643 France‘ss
2597 3593 2601 3597 “

309 3752 317 3757 ,
454 3681 853 3747 Enuntiasse
929 3701 1191 3766 quoque
1269 3677 1553 3746 Ovidius
1628 3676 1959 3742 decemvir
1998 3631 2285 3741 ‘dicitur
2354 3673 2607 3740 facinus

284 3784 618 3871 quoddam
665 3783 1003 3870 Agrippae
1048 3781 1366 3847 Postumi.
1475 3779 1608 3863 Qui
1664 3779 1833 3844 hanc
1888 3778 2163 3866 protulit
2219 3779 2607 3844 sententiam

286 3889 386 3954 vir
458 3887 728 3969 doctuS,
796 3885 1113 3972 gloriatus
1178 3892 1282 3949 est
1344 3883 1635 3948 Devillio
1703 3890 2005 3963 auctore,
2076 3881 2181 3963 „d’
2187 3881 2367 3947 avoir
2435 3882 2609 3946 enfin

288 3989 648 4058 decouvert
691 3990 755 4055 la
800 3985 1116 4054 veritable
1163 4007 1359 4052 cause
1406 3986 1490 4051 de
1536 3983 1708 4048 Pexil
1755 3982 2105 4050 d’Ovide.“
