2950 4492
1478 230 1557 299 17

529 403 665 472 Alii
730 404 1030 472 Ovidium
1108 404 1446 470 conscium
1519 402 1726 469 fuisse
1800 402 2029 466 volunt
2104 396 2430 479 adulterii,
2507 396 2683 486 quod

355 501 625 559 auctore
671 490 908 556 Tacito
955 488 1198 577 (annal.
1246 487 1560 576 111.24.)
1608 488 1694 560 Ι).
1741 486 2008 557 Silanus
2056 512 2206 554 cum
2250 486 2454 572 Julia,
2486 498 2684 575 nepte

354 594 662 681 Augusti,
711 592 1145 662 commiserat.

525 697 601 766 Si
656 698 953 784 sequeris
1008 696 1305 781 Baylium
1351 696 1652 762 criticum
1708 694 2252 775 illustrissimum,
2312 701 2512 780 poeta
2557 696 2687 758 Au-

353 811 618 890 gustum
693 801 1029 888 oppressit
1109 807 1223 864 aut
1295 797 1753 885 deplorantem
1827 797 2092 863 detecta
2157 796 2380 863 Juliae
2460 797 2681 882 neptis

355 904 631 990 flagitia,
708 913 821 970 aut
876 902 1317 987 inquirentem
1385 924 1530 967 eam
1601 902 1684 967 de
1739 900 1865 967 hac
1920 912 2020 984 re,
2100 909 2214 965 aut
2268 910 2686 983 torquentem

359 1007 581 1074 socios
626 1005 733 1072 vel
783 1006 1087 1072 conscios
1134 1007 1295 1092 ejus.

529 1108 708 1193 Quin
756 1109 953 1175 etiam
986 1109 1368 1195 conjurasse
1424 1108 1652 1174 dicunt
1692 1108 2050 1174 infaustum
2081 1108 2413 1174 Nasonem
2459 1114 2689 1171 contra

271 1270 276 1274 .
362 1211 714 1278 Caesarem
810 1234 941 1276 una
1015 1232 1165 1276 cum
1237 1209 1419 1277 Julia
1504 1220 1704 1298 nepte
1782 1221 1850 1276 et
1936 1234 2086 1277 cum
2163 1210 2457 1296 Agrippa
2532 1217 2689 1272 natu

358 1313 642 1384 minore!

525 1421 614 1484 At
656 1415 802 1502 quis
849 1415 1068 1483 omnia
1098 1437 1265 1502 quae
1313 1415 1397 1480 de
1446 1415 1560 1481 illa
1605 1439 1675 1481 re
1710 1416 2086 1501 excogitata
2118 1424 2272 1481 sunt
2304 1418 2690 1482 enumeret?

358 1517 841 1587 Sententiarum
886 1526 1126 1598 autem,
1174 1539 1337 1603 quas
1382 1518 1750 1600 attulimus,
1797 1516 2045 1584 nullam
2092 1541 2269 1599 esse,
2326 1540 2522 1603 quam
2570 1528 2689 1582 ac-

359 1622 653 1689 curatius
695 1620 1204 1708 perpendamus,
1277 1621 1493 1706 quivis
1562 1619 1725 1685 mihi
1772 1621 2121 1703 concedet,
2184 1621 2296 1707 qui
2339 1619 2583 1684 Tristia
2626 1632 2693 1683 et

358 1723 698 1813 Epistolas
755 1718 969 1790 Ovidii
1023 1722 1200 1789 haud
1256 1723 1448 1790 nimis
1519 1723 1932 1812 negligenter
1986 1723 2363 1811 perlegerit.
2407 1720 2691 1787 ·Omnes

360 1825 748 1894 refutandae
795 1833 968 1908 sunt,
1045 1826 1102 1890 si
1171 1848 1341 1911 quae
1405 1827 1656 1914 scripta
1721 1834 1894 1910 sunt,
1956 1826 2398 1913 respiciuntur
2453 1847 2692 1910 neque,

360 1952 532 2016 quae
577 1951 712 1994 non
757 1927 1009 2014 scripta
1052 1937 1225 2011 sunt,
1273 1950 1355 1992 ex
1400 1929 1673 1995 arbitrio
1736 1939 1983 1995 temere
2040 1929 2388 2000 adduntur.
2491 1929 2693 1993 Prae-

361 2041 546 2098 terea
589 2030 914 2096 Devillius
959 2030 1122 2097 satis
1189 2039 1382 2097 acute
1429 2040 1791 2119 arguteque
1838 2032 1920 2099 de
1987 2034 2067 2099 iis
2114 2033 2486 2098 refutandis
2558 2033 2693 2097 dis—

364 2143 637 2222 putasse
684 2132 842 2199 mibi
886 2132 1166 2200 videtur.

536 2235 865 2302 Devillius
909 2236 1056 2322 ipse
1103 2237 1201 2302 sic
1248 2236 1566 2323 conjecit:

535 2338 869 2421 Ovidium,
973 2339 1223 2427 quippe
1292 2339 1399 2407 cui
1474 2340 1696 2407 aditus
1764 2341 1850 2407 ad
1926 2340 2308 2407 familiarem
2389 2339 2695 2405 Caesaris

370 2443 639 2509 domum
684 2442 940 2525 fuisset,
988 2441 1322 2527 quondam
1367 2467 1502 2510 non
1550 2446 1748 2511 certis
1797 2444 2102 2533 passibus
2151 2452 2478 2510 errantem
2535 2466 2695 2511 casu

362 2545 652 2632 *quodam
694 2545 763 2609 in
811 2543 1115 2610 balneum
1161 2545 1420 2630 Liviae,
1468 2547 1693 2614 uxoris
1738 2547 2040 2634 Augusti,
2089 2548 2469 2634 pervenisse
2518 2570 2694 2612 eam-

363 2671 489 2735 que
562 2646 653 2713 ibi
721 2645 965 2712 nudam
1033 2648 1276 2715 vidisse
1293 2672 1312 2735 ς
1400 2662 1531 2735 quo
1612 2673 1829 2716 errore
1895 2652 2227 2716 Nasonem
2285 2674 2425 2716 -non
2495 2651 2693 2716 modo

366 2749 751 2837 pudicitiam
793 2751 1043 2835 Liviae,
1120 2752 1242 2818 sed
1300 2754 1499 2820 etiam
1552 2752 2022 2833 verecundiam
2083 2754 2299 2819 mariti
2368 2757 2507 2841 ejus
2564 2766 2698 2819 tam

365 2850 600 2918 acerbe
646 2852 1019 2937 offendisse,
1065 2863 1140 2920 ut
1173 2860 1406 2922 merito
1453 2856 1736 2939 timeret,
1784 2878 1865 2920 ne
1899 2855 2107 2942 ipsam
2137 2858 2334 2922 vitam
2365 2858 2697 2944 perderet.

364 2956 461 3020 At
523 2956 930 3041 Augustum,
1008 2957 1121 3025 ubi
1198 2967 1434 3043 poetae
1521 2959 1823 3047 peccanti
1871 2981 2062 3024 omne
2140 2960 2485 3025 consilium
2534 2961 2694 3027 saci-

366 3078 620 3141 nusque
678 3057 968 3125 abfuisse
1015 3060 1461 3147 cognovisset,
1511 3062 1709 3127 modo
1759 3103 1831 3114 --
1883 3085 1966 3127 ne
1997 3061 2154 3145 ulla,
2203 3086 2369 3148 quae
2404 3063 2696 3145 vidisset,

368 3159 748 3225 enuntiandi
816 3169 1113 3248 potestas
1174 3164 1419 3230 Nasoni
1488 3165 1968 3251 relinqueretur
2056 3203 2140 3215 ——-
2231 3167 2480 3232 Tomos
2551 3189 2695 3230 eum

366 3262 736 3349 relegasse3
815 3287 892 3330 ac
970 3287 1053 3329 ne
1124 3289 1290 3351 quae
1349 3268 1523 3334 fama
1596 3278 1730 3333 tam
1801 3268 2085 3334 difficilis
2159 3271 2252 3335 rei
2328 3271 2394 3335 in
2463 3269 2699 3355 vulgus

369 3376 723 3450 emanaret,
783 3390 1047 3435 causam
1105 3370 1532 3458 relegationis
1590 3393 1736 3436 esse
1794 3370 2197 3463 simulatam:
2275 3373 2452 3457 quod
2500 3382 2701 3459 poeta

367 3472 698 3537 Arte‘sua
741 3470 1001 3536 amandi
1050 3471 1443 3537 adulterium
1495 3472 1853 3539 docuisset.

484 3602 498 3612 ·
545 3570 766 3655 Quam
814 3571 1078 3657 quidem
1141 3574 1521 3661 opinionem
1568 3585 1717 3641 ante
1763 3596 1836 3639 se
1886 3597 2032 3641 esse
2079 3577 2420 3664 prolatam,
2471 3576 2700 3640 Devil-

364 3676 491 3743 lius
539 3672 908 3758 confitetur,
956 3676 1076 3741 sed
1145 3676 1319 3743 unde
1369 3670 1686 3760 hauserit,
1757 3685 1831 3741 ut
1894 3677 2143 3743 fontem
2214 3689 2698 3758 commemoret,

366 3790 617 3847 tantum
679 3776 896 3860 abest,
953 3789 1027 3844 ut
1086 3776 1318 3846 addat:
1418 3782 1629 3864 „mais
1689 3799 1858 3844 nous
1916 3801 2234 3868 croyons,
2308 3780 2465 3864 qu’il
2534 3803 2701 3844 nous

368 3879 527 3948 &tait
590 3883 855 3947 reserve
931 3881 1019 3946 de
1069 3880 1132 3945 le
1191 3881 1633 3963 demontrer“,
1693 3890 1890 3966 atque
1948 3881 2061 3947 ubi
2121 3883 2363 3948 affatim
2434 3883 2702 3946 demon-

353 3991 617 4079 ἰοῐιςιιιο
662 3981 792 4049 sibi
834 3982 1118 4069 videtur,
1161 3981 1338 4051 hunc
1383 3982 1803 4075 splendidum
1851 3984 2223 4049 disserendi
2266 3984 2465 4049 finem
2511 3985 2696 4051 facit:

357 4086 367 4095 ⁴
542 4084 546 4090 ’
1442 4094 1446 4098 Α
2361 4086 2397 4138 2
2539 4134 2544 4135 ⁷
2581 4130 2588 4136 ,
2617 4130 2623 4134 ,
