2950 4492
1386 221 1468 285 14

271 389 486 477 Epist.
532 392 570 456 I
617 395 676 475 7,
720 394 834 458 41:

359 494 604 577 „Quod
650 495 775 561 nisi
820 494 1046 559 delicti
1093 517 1245 581 pars
1293 497 1688 566 excusabilis
1736 514 1933 586 esset,

531 597 745 663 Parva
789 596 1070 682 relegari
1118 620 1334 683 poena
1378 602 1599 666 futura
1643 602 1781 669 fuit.

360 699 556 787 „Ipse
603 699 723 769 sed
767 698 896 764 hoc
944 698 1129 784 vidit,
1176 703 1286 786 qui
1334 704 1638 788 pervidet
1683 708 1901 774 omnia
1948 706 2221 777 Caesar,

529 801 886 869 stultitiam
935 801 1065 868 dici
1113 804 1386 869 crimina
1421 830 1617 893 posse
1666 833 1830 876 mea.

356 902 684 990 „Quaque
731 927 859 992 ego
905 906 1195 992 permisi,
1242 930 1504 993 quaque
1551 920 1653 976 est
1697 934 1803 978 res
1853 933 2072 1001 passa,
2120 915 2439 1000 pepercit,

529 1006 711 1076 Usus
755 1017 822 1073 et
868 1016 970 1073 est
1013 1008 1270 1075 modice
1314 1011 1613 1079 fulminis
1660 1016 1813 1101 igne
1861 1015 1983 1082 sui.

356 1111 540 1192 „Nec
586 1111 786 1177 vitam
832 1133 956 1176 nec
1001 1134 1166 1197 opes
1210 1136 1335 1179 nec
1380 1115 1624 1182 ademit
1667 1137 1865 1203 posse
1925 1116 2190 1197 reverti,

526 1210 602 1279 Si
646 1235 767 1281 sua
813 1237 930 1301 per
974 1223 1229 1282 vestras
1277 1215 1449 1282 victa
1493 1219 1581 1285 sit
1623 1219 1721 1286 ira
1766 1223 2068 1307 preces.“

267 1313 468 1381 Trist.
511 1314 630 1397 IV,
678 1316 741 1400 9,
792 1318 901 1383 13:

358 1416 492 1499 „Et
531 1419 836 1505 patriam,
882 1419 1079 1486 modo
1127 1420 1215 1485 sit
1259 1442 1514 1509 sospes,
1563 1444 1904 1513 speramus
1952 1424 2034 1490 ab
2079 1423 2263 1490 ino.“

443 1522 692 1605 Quam
750 1521 1065 1607 quidem
1121 1545 1343 1609 spem
1398 1536 1903 1611 praematuro
1959 1526 2306 1612 Augusti
2364 1526 2595 1591 obitu

268 1623 425 1689 sibi
471 1636 826 1712 ereptam
873 1645 1076 1709 esse,
1124 1628 1490 1711 queritur
1532 1628 1750 1716 Epist.
1798 1629 1897 1694 IV
1944 1633 2007 1717 6,
2058 1632 2158 1695 14.

356 1726 738 1814 „Coeperat
781 1731 1126 1813 Augustus
1173 1729 1494 1816 deceptae
1540 1730 1887 1817 ignoscere
1938 1731 2193 1819 culpae,
2293 1730 2302 1737 ’

522 1828 727 1917 Spem
772 1840 1063 1897 nostram
1106 1839 1316 1897 terras
1363 1832 1785 1918 deseruitque
1832 1834 2089 1902 simul.“

435 1932 607 2000 Nihil
652 1934 849 2020 igitur
892 1933 1172 2001 Ovidius
1214 1935 1485 2017 fecerat,
1529 1935 1709 2020 quod
1751 1935 1902 2022 lege
1951 1935 2191 2001 vetitus
2234 1922 2408 2012 ’παις
2455 1957 2585 2000 non

267 2040 744 2124 conjuraverat,
786 2036 1034 2103 nullum
1067 2036 1286 2104 scelus
1331 2038 1412 2104 ab
1448 2062 1527 2103 eo
1561 2048 1704 2104 erat
1733 2038 2172 2104 commissum.
2263 2037 2589 2104 Laeserat

263 2139 472 2225 ipsius
499 2137 805 2206 Caesaris
836 2141 1118 2205 animum
1145 2139 1642 2226 offenderatque
1676 2141 2094 2207 acerbissime
2127 2139 2587 2206 verecundiam

269 2246 408 2330 ejus
454 2261 674 2309 errore
721 2241 1029 2326 quodam,
1085 2264 1278 2327 quem
1326 2242 1675 2329 quominus
1719 2244 1936 2331 palam
1983 2245 2321 2331 proferret,
2369 2241 2588 2330 pudor

266 2344 558 2433 Augusti
622 2355 819 2429 atque
875 2344 1086 2430 ipsius
1142 2367 1291 2410 eum
1345 2329 1692 2414 retinebat,
1794 2347 1976 2413 Casu
2039 2347 2321 2412 infausto
2393 2343 2591 2409 alicui

267 2448 362 2513 rei
406 2447 876 2532 intervenerat3
947 2447 1203 2512 viderat
1268 2471 1437 2534 quae
1510 2449 1736 2516 videre
1808 2473 1939 2515 non
2012 2448 2317 2516 debebat.
2437 2446 2588 2530 Quo

269 2548 535 2637 quidem
590 2569 800 2634 usque
870 2550 1046 2616 omni
1111 2551 1307 2639 culpa
1376 2575 1620 2619 vacuus
1687 2561 1907 2618 tamen
1964 2561 2202 2640 postea
2265 2550 2441 2615 illius
2494 2552 2593 2615 rei

266 2652 601 2740 particeps
666 2652 883 2719 factus
937 2663 1109 2734 erat3
1175 2655 1297 2720 sed
1358 2654 1531 2721 hanc
1598 2655 1983 2722 societatem
2051 2677 2181 2719 non
2248 2653 2593 2741 petiverat,

268 2755 509 2823 nedum
567 2753 773 2821 ullum
833 2757 1250 2823 commodum
1309 2781 1458 2825 cum
1517 2782 1596 2824 ea
1647 2761 2066 2846 conjunctum
2136 2756 2594 2842 quaesivisset.

266 2859 510 2927 Errore
588 2858 872 2945 quodam
951 2860 1307 2946 („2issal'9n“)
1389 2861 1682 2942 ablatus,
1758 2860 2176 2949 simplicitate
2253 2859 2593 2945 deceptus,

267 2986 509 3051 magna
552 2985 633 3027 ex
680 2975 866 3050 parte
914 2964 1108 3030 etiam
1152 2964 1386 3030 timore
1444 2966 1529 3031 ad
1582 2967 1914 3034 funestam
1969 2963 2148 3028 illam
2207 2962 2598 3030 societatem

269 3065 594 3133 adductus
661 3090 742 3132 ne
811 3068 907 3132 sic
976 3067 1242 3152 quidem
1308 3067 1563 3134 facinus
1628 3069 1771 3156 ipse
1832 3066 2269 3133 commiserat.
2368 3065 2598 3149 Neque

268 3165 489 3236 tamen
530 3169 672 3235 fieri
703 3192 836 3237 non
867 3179 1149 3258 poterat,
1198 3172 1355 3255 quin
1386 3194 1678 3238 summae
1712 3170 2031 3260 perniciei
2065 3169 2227 3236 haec
2257 3167 2598 3235 infirmitas

271 3271 519 3341 Ovidio
564 3288 759 3354 esset,
810 3297 958 3339 cum
1004 3294 1131 3355 res,
1179 3294 1349 3359 quae
1396 3283 1545 3340 acta
1590 3283 1760 3356 erat,
1810 3272 2263 3361 gravissimam
2311 3271 2600 3358 Augusti

269 3376 697 3443 offensionem
731 3376 1112 3446 contineret.
1165 3378 1382 3461 Quem
1407 3378 1491 3442 de
1517 3400 1597 3442 ea
1628 3378 1974 3443 certiorem
2008 3377 2256 3441 factum
2287 3375 2597 3455 omnium,

273 3480 382 3566 qui
432 3482 573 3566 ejus
618 3480 979 3568 participes
1024 3481 1307 3565 fuerant,
1353 3480 1848 3548 acerbissimum
1895 3480 2118 3544 odium
2183 3478 2597 3563 concepisse,

273 3592 786 3651 consentaneum
831 3591 950 3650 est.
1043 3582 1355 3649 Ovidium
1403 3599 1621 3650 autem
1653 3583 1721 3648 in
1762 3605 1840 3649 eo
1872 3583 2241 3668 graviorem
2289 3578 2601 3648 Caesaris

270 3688 436 3753 iram
477 3685 767 3752 incidere
799 3707 1073 3752 necesse
1108 3695 1268 3772 erat,
1317 3708 1464 3752 cum
1496 3685 1607 3751 ille
1656 3708 1877 3752 errore
1908 3693 2150 3772 poetae
2185 3682 2378 3751 simul
2416 3680 2602 3748 Artis

274 3787 583 3870 amandi‚·
631 3791 762 3874 jam
806 3810 929 3875 per
973 3811 1044 3854 se
1091 3786 1259 3853 male
1307 3787 1664 3870 audientis,
1713 3786 2265 3858 commonefieret.
2354 3783 2603 3852 Merito

271 3891 491 3976 igitur,
524 3913 606 3956 ne
642 3889 836 3971 bona,
885 3889 1236 3973 civitatem,
1263 3892 1463 3958 vitam
1486 3892 1701 3978 ipsam
1724 3891 2053 3978 perderet,
2099 3898 2303 3977 poeta
2346 3896 2605 3971 metue·

273 4001 397 4061 rat.
498 3992 632 4062 Sed
691 3994 1070 4080 AugustuS‚
1140 4002 1496 4080 postquam
1564 3992 1689 4061 sibi
1742 3991 2102 4080 persuasit,
2172 4013 2324 4058 eum
2392 3988 2609 4081 magis
