2950 4492
1504 216 1577 281 21

385 400 444 463 ἢ.
494 393 594 463 18.

640 495 875 581 „Haec
923 501 1083 576 erat,
1130 469 1390 580 agnovi
1435 513 1606 581 quac
1653 499 1786 558 stat
1827 491 1894 556 in
1939 511 2091 557 arce
2135 491 2355 579 «lovis,

477 600 879 666 Horrueram
926 596 1261 681 tacitoque
1306 595 1592 661 animum
1638 593 1889 682 pallore
1935 592 2205 664 fatebar.
2211 594 2255 633 ‘⁶

481 703 607 787 ,,ὖο
672 702 813 768 l’ai
834 721 982 781 vus,
1054 696 1273 763 e'etait
1339 695 1487 781 elle,
1544 700 1618 784 je
1683 696 1790 762 l'ai
1844 700 2194 780 resonum,
2263 700 2375 784 qui
2439 699 2621 784 siege
2671 704 2710 762 a

786 804 936 870 cote
983 799 1066 867 de
1105 800 1393 887 Jupiter,
1427 802 1500 887 je
1539 798 1781 885 fremis,
1828 822 1986 866 mon¹
2029 804 2194 885 ame,
2230 804 2301 888 je
2332 800 2377 866 l’
2381 800 2709 891 menetai,

783 904 950 993 palit
994 903 1149 970 d’un
1194 911 1414 970 secret
1458 903 1715 971 effroi.“

510 1046 514 1050 ·
555 1009 746 1094 Quae
817 1009 1038 1090 verba,
1114 1027 1509 1092 quamquam
1584 1004 1666 1072 ad
1738 1003 2011 1071 Vestam
2085 1013 2154 1071 et
2218 1004 2302 1071 ad
2368 1006 2707 1074 Junonem

387 1121 715 1202 spectant,
764 1111 849 1177 ad
892 1109 1158 1176 Liviam
1206 1130 1471 1194 quoque
1516 1108 1749 1175 referri
1793 1129 2012 1196 posse,
2080 1107 2406 1175 Devillius
2475 1133 2557 1174 ex
2627 1133 2708 1176 eo

384 1216 759 1299 arbitratur,
830 1213 1006 1300 quod
1073 1212 1405 1278 interdum
1469 1218 1688 1299 poeta·
1723 1233 1875 1278 cum
1923 1208 2133 1277 Vesta
2198 1211 2325 1277 dea
2387 1212 2490 1278 vel
2558 1218 2707 1308 cum

384 1341 593 1397 uxore
636 1318 831 1385 «Iovis
877 1315 1136 1382 Liviam
1201 1324 1573 1404 comparat3
1623 1313 1747 1381 sed
1794 1335 1927 1399 quo
1973 1313 2234 1381 facilius
2301 1314 2492 1380 nobis
2555 1337 2707 1402 pcr-

379 1422 674 1505 suadeat,
743 1426 882 1486 rem
952 1440 1351 1506 magnopere
1396 1426 1614 1505 auget,
1664 1416 1924 1485 dicens:
2013 1414 2278 1501 „Ovide
2320 1439 2402 1482 ne
2471 1418 2710 1505 parlait

383 1546 673 1612 presque
730 1520 971 1609 -jamais
1038 1520 1124 1587 de
1168 1519 1385 1605 Livie,
1451 1542 1605 1587 sans
1670 1519 1733 1587 la
1796 1527 2143 1608 comparer
2187 1525 2227 1585 ἐι
2266 1519 2494 1587 Junon
2537 1543 2625 1587 ou
2670 1526 2711 1585 a

383 1630 613 1709 Vesta3
690 1623 903 1706 Livie,
955 1623 1183 1707 Vesta,
1226 1623 1477 1704 Junon‚
1526 1647 1564 1690 c
1566 1622 1748 1691 ’etait
1811 1646 1981 1710 pour
2043 1622 2134 1688 lui
2200 1645 2326 1689 une
2394 1622 2574 1689 seule
2643 1628 2712 1690 et

381 1733 594 1795 meme
642 1727 930 1795 divinite.
937 1729 978 1766 ‘⁶
1050 1725 1312 1792 Deinde
1358 1726 1762 1793 sententiam
1796 1735 2003 1809 suam,
2047 1725 2307 1791 Liviam
2338 1727 2580 1792 nudam
2627 1726 2709 1792 ab

364 1831 635 1905 ,ovidio
711 1852 859 1898 esse
931 1829 1173 1910 visam,
1247 1829 1556 1894 nonnulis
1629 1828 1929 1895 versibus
1996 1828 2397 1895 confirmare
2468 1812 2710 1901 studet

381 1935 629 2000 Merito
701 1933 872 1999 enim
940 1939 1207 2019 poetam
1272 1939 1654 2018 propterea,
1696 1953 1779 1997 ne
1822 1933 2206 2019 Augustus
2233 1930 2446 2019 ipsam
2508 1930 2709 1998 vitam

381 2035 506 2101 sibi
551 2035 869 2117 demeret,
917 2032 1261 2116 metuisse3

546 2143 553 2147 ’
651 2138 979 2224 „Poterat
1009 2136 1275 2202 minimo
1320 2156 1428 2201 me
1470 2135 1755 2223 perdere
1799 2137 2043 2218 nutu;“

380 2241 497 2310 sed
544 2241 872 2315 Nasonem
921 2239 983 2306 ei
1027 2237 1459 2328 persuasisse,
1507 2260 1580 2306 se
1624 2238 1766 2306 sine
1823 2238 1999 2306 omni
2043 2240 2320 2307 consilio
2358 2250 2702 2357 peccasse,

390 2367 608 2432 neque
654 2342 789 2411 ulla
829 2342 1090 2433 peceati
1133 2341 1429 2430 praemia
1468 2341 1599 2412 sibi
1644 2342 2078 2430 quaesivisse·

376 2471 380 2474 ⁴
469 2502 506 2533 ‚‚
604 2501 621 2518 .
718 2488 733 2514 ⁴
825 2490 1700 2518 .........
1837 2444 2051 2513 abfuit
2093 2469 2309 2514 omme

639 2550 933 2618 Peccato
981 2547 1237 2616 facinus
1282 2549 1760 2638 consiliumque
1804 2552 1994 2659 meost

463 2703 505 2739 ‚‚
595 2699 2007 2728 ..............
2035 2652 2154 2718 sed
2191 2652 2305 2718 illo

632 2756 936 2824 Praemia
980 2762 1262 2843 peccato
1307 2755 1488 2822 nulla
1528 2753 1740 2874 petita
1780 2753 2003 2822 ιιιίῑιὶ.ιι

559 2857 691 2924 Ut
674 2882 753 2923 m
762 2859 1019 2925 Dianae
1044 2859 1481 2942 Actaeonem,
1504 2856 1693 2924 sicin
1715 2857 2026 2923 balneum
2058 2857 2281 2924 uxoris
2314 2858 2703 2946 augustissi-

379 2985 524 3029 mae
570 2960 850 3028 inscium
896 2969 966 3029 et
1006 2961 1281 3027 invitum
1327 2982 1400 3027 se
1444 2962 1746 3042 intrasse,
1795 2981 2014 3026 errore
2061 2960 2434 3047 deceptum.

524 3062 701 3147 Qua
745 3063 1011 3149 quidem
1055 3062 1338 3133 Nasonis
1385 3062 1833 3146 excusatione,
1881 3061 2206 3129 Devillius
2251 3064 2490 3151 pergit,
2538 3063 2704 3130 iram

374 3167 665 3255 Augusti
708 3166 803 3233 ita
847 3188 994 3234 esse
1040 3166 1328 3252 lenitam,
1388 3174 1462 3234 ut
1503 3166 1704 3232 vitam
1751 3165 1812 3231 ei
1865 3188 2000 3235 non
2045 3167 2365 3247 auferret3
2421 3164 2559 3248 sed,
2616 3188 2701 3231 ne

372 3268 592 3351 ullam,
640 3290 811 3355 quae
858 3268 1152 3355 vidisset,
1211 3269 1590 3347 enuntiandi
1644 3277 2044 3357 potestatem
2088 3267 2384 3354 haberet,
2439 3275 2703 3357 poetam

374 3372 622 3439 Tomos
668 3392 817 3439 esse
863 3370 1250 3459 relegatum.
1340 3372 1496 3457 Quo
1544 3395 1626 3438 ex
1669 3371 1822 3439 loco
1868 3372 2323 3440 funestissimo
2385 3380 2459 3437 ut
2508 3392 2703 3437 revo-

375 3482 666 3561 caretur,
760 3483 911 3541 cum
997 3475 1251 3542 frustra
1337 3479 1704 3564 Augustum
1791 3474 2177 3562 saepissime
2265 3474 2704 3563 implorasset,

375 3576 692 3645 Ovidium
760 3576 1186 3664 intellexisse,
1252 3587 1497 3648 sortem
1555 3599 1741 3645 suam
1810 3575 2237 3644 miserrimam
2303 3575 2507 3644 levari
2570 3598 2703 3641 non

372 3702 594 3768 posse,
624 3680 750 3748 nisi
780 3679 1025 3746 Livia
1005 3702 1155 3769 ipsa
1184 3689 1382 3789 antea
1410 3680 1539 3748 sibi
1568 3680 1941 3768 ignovisset
1986 3687 2055 3745 et
2081 3703 2206 3767 pro
2238 3701 2311 3746 se
2343 3678 2701 3746 Caesarem

371 3781 730 3871 deprecata
774 3792 971 3854 esset.

460 3884 832 3976 „Confugit
873 3886 1201 3953 interdum
1246 3886 1483 3975 templi
1528 3885 1813 3951 violator
1857 3885 1941 3951 ad
1987 3908 2163 3952 aram

631 3990 772 4058 Nec
816 3997 1056 4078 petere¹
1092 3988 1327 4057 offensi
1369 3986 1656 4056 numinis
1700 3987 1928 4054 horret
1971 3987 2232 4074 opem.“
