2950 4492
1399 234 1484 298 18·

1227 319 1403 330 nno—...00—

299 394 600 482 „Jusque
664 396 728 463 la
779 405 938 484 (que
1002 409 1191 468 notre
1248 402 1516 491 opinion
1574 425 1733 469 aura
1773 403 1837 468 le
1882 413 2022 469 sort
2077 402 2164 469 de
2220 424 2329 470 ses
2383 404 2637 490 atnees)

301 498 460 586 qu’il
507 524 671 568 nous
718 501 847 568 soit
888 504 1137 589 permis
1184 503 1265 570 de
1326 505 1558 590 croire,
1606 528 1734 592 que
1784 528 1951 572 nous
1999 529 2206 573 avons
2253 505 2426 570 enfin
2469 528 2635 571 sou·-

297 600 447 668 leve
492 604 555 670 le
605 604 798 688 voile,
845 603 956 690 qui
1003 608 1222 692 pesait
1265 629 1394 675 sur·
1423 630 1551 674 une
1615 609 1924 694 question
1982 630 2220 675 encore
2267 608 2632 695 palpitante

299 704 601 774 d’interet
647 712 840 795 apres
907 716 1054 775 tant
1119 712 1203 777 de
1260 710 1519 794 siecles,
1597 716 1637 777 a
1698 711 2049 778 l'honneur
2116 711 2443 779 immortel
2511 710 2663 777 des‘

297 807 592 878 lettres.“

431 912 620 979 ·Jam
667 913 871 996 vides,
920 939 1114 1000 quam
1160 918 1371 984 bonus
1419 919 1508 985 sit
1553 928 1743 1006 pater
1787 918 2169 1007 adoptivus;
2217 941 2373 982 num
2420 938 2628 1003 aeque

299 1015 508 1081 bonus
555 1016 641 1081 sit
688 1015 980 1105 criticus,
1030 1022 1495 1088 examinemus.

469 1117 576 1183 Ex
620 1121 945 1186 sententia
994 1122 1116 1188 viri
1164 1123 1344 1190 docti
1394 1132 1461 1189 et
1504 1124 1860 1211 posteritas
1907 1126 2296 1211 persuasum
2327 1121 2530 1188 habet
2559 1135 2628 1188 et

295 1220 578 1288 Ovidius
622 1222 766 1308 ipse
827 1224 973 1311 (cfr.
1022 1225 1236 1313 Epist.
1283 1224 1376 1293 Π.
1421 1226 1483 1294 9.
1542 1228 1680 1313 76.)
1735 1226 1912 1292 haud
1969 1227 2345 1314 ignorabat,
2403 1228 2623 1292 Artem

293 1324 554 1390 amandi
614 1348 878 1392 causam
938 1327 1152 1393 exsilii
1227 1351 1373 1394 esse
1437 1329 1826 1395 simulatam.
1948 1327 2136 1411 Quae
2212 1325 2625 1394 ratiocinatio

292 1437 536 1513 quanta
600 1423 858 1494 laboret
926 1429 1352 1515 difficultate,
1396 1454 1597 1519 supra
1641 1435 1736 1519 (p.
1783 1432 1824 1498 6
1880 1431 2096 1516 seqq.)
2141 1429 2301 1496 satis
2349 1427 2625 1495 demon·

292 1538 538 1598 strasse
586 1531 739 1597 mihi
790 1534 1039 1600 videor.
2339 1568 2348 1572 ,

461 1633 779 1703 Tacuisse
826 1638 1091 1724 quidem
1139 1638 1490 1719 Nasonem,
1541 1636 1864 1703 Devillius
1909 1636 2152 1722 pergit,
2199 1653 2421 1701 veram
2453 1636 2618 1702 rele-

289 1738 573 1826 gationis
623 1762 908 1823 causam,
956 1740 1075 1806 sed
1120 1739 1284 1806 illud
1332 1739 1596 1821 crimen,
1645 1739 1821 1824 quod
1867 1736 2259 1804 adulterium
2305 1741 2458 1806 Arte
2499 1758 2621 1805 sua

288 1841 643 1926 docuisset,
690 1842 1101 1931 indignatum
1149 1866 1296 1909 eum
1342 1842 1667 1908 refutasse
1714 1840 2030 1907 Tristium
2073 1840 2246 1906 libro
2283 1840 2372 1924 11,
2417 1841 2617 1906 immo

290 1966 444 2009 vero
520 1945 933 2013 affectionem
982 1948 1124 2032 ejus
1181 1955 1526 2085 paternam
1574 1944 1751 2011 haud
1809 1945 2128 2011 minutam
2183 1945 2615 2033 approbatam

286 2067 433 2113 esse
484 2049 734 2119 verbis·
1352 2079 1359 2083 2

548 2153 728 2236 „Nos
776 2176 1038 2240 quoque
1088 2152 1443 2234 delectant,
1495 2150 1792 2238 quamvis
1837 2168 2123 2216 nocuere
2170 2149 2444 2232 libellis<

282 2254 436 2339 quin
487 2256 683 2322 etiam
730 2255 1160 2323 disertissima
1225 2254 1338 2322 illa
1402 2253 1799 2332 refutatione
1864 2261 2162 2340 poetam
2197 2250 2403 2317 ultum
2466 2276 2615 2322 esse

281 2358 757 2443 proscriptum:
840 2358 943 2441 „le
992 2363 1189 2444 poete
1235 2357 1547 2445 vengeait
1591 2356 1653 2423 le
1703 2356 2009 2445 proserit
2013 2358 2055 2395 “

456 2464 541 2528 At
588 2470 832 2546 quanta
877 2485 1005 2527 non
1053 2462 1247 2528 fuerit
1293 2469 1570 2550 paterna
1623 2459 1740 2527 illa
1783 2459 2011 2526 Ovidii
2057 2444 2302 2527 exsulis
2349 2432 2611 2527 'affectio

281 2565 593 2630 adversus
644 2569 864 2630 Artem
911 2587 1131 2649 suam,
1187 2563 1385 2630 modo
1434 2563 1501 2628 in
1548 2572 1932 2630 transcursu
1989 2562 2144 2628 mihi
2200 2560 2400 2626 liceat
2463 2561 2611 2626 illu-

281 2675 490 2732 strare
538 2665 640 2733 his
686 2673 917 2754 poetae
963 2667 1210 2735 verbis:

284 2768 487 2837 Trist.
532 2769 571 2834 I
621 2772 676 2853 1,
726 2768 869 2838 113.

364 2871 558 2957 „Hos
606 2873 812 2960 (Artis
858 2871 1089 2960 libros)
1136 2886 1208 2939 tu
1254 2872 1361 2939 vel
1406 2872 1641 2959 fugias,
1690 2869 1796 2936 vel
1842 2870 1898 2937 si
1943 2868 2110 2937 satis*
2150 2867 2283 2936 oris
2318 2868 2614 2953 habebis,

534 2976 920 3065 Oedipodas
966 2977 1178 3044 facito
1225 2976 1736 3064 Telegonosque
1785 2977 2050 3041 voces.“

275 3077 476 3151 Trist.
522 3079 633 3145 III
681 3080 740 3163 1,
787 3080 890 3148 66.

535 3182 764 3266 „Quos
811 3206 970 3250 suus
1012 3191 1271 3267 optaret
1314 3204 1447 3249 non
1493 3179 1798 3268 genuisse
1845 3181 2155 3266 parens.“

273 3281 473 3349 Trist.
523 3283 604 3352 V.
652 3287 714 3369 7,
758 3288 864 3355 31.

362 3386 724 3471 „Quamvis
771 3390 1123 3473 interdum,
1172 3412 1340 3475 quae
1387 3411 1491 3454 me
1537 3386 1810 3454 laesisse
1843 3383 2181 3468 recordor,

533 3491 840 3557 Carmina
883 3492 1182 3559 devoveo
1232 3491 1663 3579 Pieridasque
1711 3491 1958 3559 mea8.“

442 3597 538 3662 Ac
583 3593 639 3659 si
688 3594 785 3658 vir
819 3592 1053 3661 doctus
1101 3594 1367 3662 disserit
1410 3594 1515 3679 „le
1562 3594 1764 3679 poete
1792 3591 2103 3678 vengeait
2146 3590 2208 3655 le
2255 3587 2603 3678 proscrit“‚

271 3697 398 3762 hoc
469 3718 741 3784 prorsus
812 3720 941 3762 non
1010 3699 1361 3786 perspicio,
1453 3696 1668 3780 Quam
1731 3693 1931 3782 longe
2000 3702 2203 3781 poeta
2250 3691 2331 3758 ab
2424 3688 2598 3755 omni
2655 3766 2662 3771 .

266 3799 633 3865 ulciscendi
665 3801 943 3867 consilio
975 3800 1407 3885 abhorruerit,
1457 3798 1676 3885 quivis
1706 3794 2051 3885 intelliget,
2100 3795 2215 3882 qui
2245 3796 2602 3881 perpetuas

269 3904 408 3987 ejus
476 3902 815 3990 supplices
893 3925 1128 3989 preces
1210 3903 1772 3985 blandissimeque
1845 3899 1911 3964 in
1978 3904 2346 3986 Augustum
2425 3895 2604 3963 dicta

264 4005 647 4091 respexeritg
759 4008 907 4089 (cfr.
977 4004 1294 4093 imprimis
1343 4005 1567 4094 Epist:
1610 4003 1855 4086 11528.)
1917 4001 2116 4065 ‘Num'
2158 3994 2313 4067 vere
2344 3998 2601 4087 ΨΜ,
