2950 4492
1346 194 1433 260 22

382 364 624 452 Itaque
715 362 907 432 uxori
986 368 1134 431 eum
1192 363 1643 450 mandavisse,
1705 373 1782 430 ut
1842 364 2074 431 Liviae
2130 387 2254 453 pro
2333 364 2562 440 exsule

223 470 648 560 supplicaret,
707 489 997 555 eamque·
1029 467 1361 552 docuisse,
1411 467 1744 554 quomodo
1789 468 1916 535 hac
1960 468 2029 535 in
2084 490 2156 533 re
2214 467 2556 554 aptissime

209 573 547 640 «lunonem
635 570 869 638 adiret.
962 572 1113 657 (cfr.
1159 571 1376 658 Epist.
1422 570 1552 638 ΙΙΙ.
1603 572 1714 659 1.).
1808 570 1944 638 Sed
1987 593 2069 637 ne
2115 570 2381 638 Liviam
2415 571 2556 658 qui-

214 675 383 758 dem,
428 683 504 743 ut
561 674 784 761 aliqua
829 697 912 740 ex
958 683 1148 763 parte
1195 673 1537 763 supplices
1578 673 1868 745 Nasonis
1913 697 2149 762 preces
2194 673 2558 756 exaudiret,

215 778 622 849 commoveri
682 777 1012 864 potuisse,
1069 779 1318 867 quippe
1383 800 1582 864 quae,
1644 787 1957 864 quantum
2012 777 2333 867 pudicitia
2383 777 2562 867 apud

214 881 520 949 maritum
585 880 873 965 valeret,
919 881 1097 948 haud
1143 882 1500 969 ignoraret.
1602 880 1893 947 Devillio
1950 872 2145 948 etiam
2210 879 2562 948 verisimile

217 1007 364 1052 esse
426 985 715 1066 videtur,
757 992 1062 1073 spectare
1092 984 1177 1051 ad
1227 984 1470 1051 crimen
1505 982 1754 1069 Ovidii,
1799 1006 1967 1073 quac
2014 985 2145 1053 Dio
2180 984 2452 1053 Cassius
2496 984 2563 1050 in

215 1088 384 1155 libro
456 1086 700 1155 LVIII
760 1096 1051 1157 enarrat:
1109 1085 1446 1172 ‚‚Liviam,
1504 1109 1652 1154 cum
1708 1088 2040 1175 quondam
2106 1088 2284 1154 viros
2348 1086 2566 1154 nudos

217 1190 522 1274 vidisset,
600 1191 802 1257 vitam
832 1191 958 1282 ,eis
993 1198 1303 1258 servasse
1352 1190 1711 1287 dicentem,
1768 1214 2051 1281 corpora
2113 1190 2291 1258 nuda
2356 1190 2564 1257 oculis

219 1293 478 1382 pudicis
550 1294 713 1362 nihil
782 1293 908 1362 nisi
965 1303 1216 1361 statuas
1272 1299 1478 1363 esse.“
1549 1294 1907 1387 „Denique
1987 1303 2236 1377 autem,
2303 1293 2564 1360 Liviam

218 1412 442 1463 errore
504 1406 746 1485 poetae
793 1396 1072 1469 maxime
1118 1418 1265 1464 esse
1312 1396 1658 1479 offensam,
1701 1420 1793 1489 ex
1837 1419 1918 1464 eo
1964 1418 2318 1486 apparere,
2390 1397 2566 1483 quod

222 1522 299 1565 ea
361 1521 444 1565 ne
519 1502 828 1590 Augusto
871 1512 1149 1568 mortuo
1203 1499 1472 1586 quidem
1533 1501 1834 1569 exsilium
1890 1498 2120 1569 Ovidii
2172 1498 2311 1568 ullo
2366 1496 2565 1565 modo

222 1600 605 1687 sublevarit,
664 1603 864 1677 immo
908 1625 1083 1677 nova
1125 1602 1346 1670 Diana
1389 1624 1513 1671 suo
1559 1602 1885 1672 Actaeoni
1931 1602 2199 1672 dixerit:

322 1705 558 1789 „Nunc
606 1705 726 1774 tibi
769 1728 875 1773 me
922 1706 1145 1794 posito
1189 1706 1408 1777 visam
1443 1704 1798 1776 velamine
1811 1708 2134 1775 narrres.“

223 1804 567 1876 Hactenus
627 1807 972 1877 Devillius,
1038 1872 1041 1875 ,

403 1910 606 1977 Haud
662 1935 901 2000 magna
954 1912 1098 1980 laus
1144 1910 1339 1978 mihi
1361 1932 1516 1983 esse
1574 1871 1867 1990 videtur,
1924 1872 2567 1999 argumentationem

224 2012 345 2079 viri
390 2013 574 2081 docti
631 2017 937 2084 refutare.
1028 2014 1357 2102 Equidem
1397 2015 1587 2082 hac
1570 2039 1635 2081 in
1683 2037 1752 2082 re
1799 2014 2088 2083 officium
2133 2014 2349 2083 critici
2393 2014 2459 2080 in
2491 2034 2580 2079 eo

225 2138 370 2185 esse
417 2118 615 2185 situm
676 2128 863 2206 puto,
909 2127 986 2186 ut
1028 2127 1360 2204 tamquam
1391 2117 1649 2187 medius
1673 2140 1887 2205 neque
1934 2119 2001 2184 in
2042 2117 2241 2185 ullam
2286 2117 2572 2206 positam

226 2220 604 2310 opinionem
670 2220 1029 2290 inclinatus
1071 2221 1314 2304 omnia,
1360 2243 1529 2307 quae
1577 2220 1661 2287 de
1695 2218 1911 2291 exsilii
1961 2219 2178 2286 causis
2222 2227 2425 2305 poeta
2467 2217 2578 2282 in·-

227 2317 427 2407 dicet,
473 2325 790 2413 respiciat
826 2348 903 2395 ac
959 2323 1312 2412 diligenter
1342 2324 1775 2413 perpendat.‚.
1818 2322 2070 2415 ‘Verum
2113 2319 2444 2391 Devillius
2488 2352 2574 2372 ⁶·-

230 2435 304 2494 ut
360 2426 731 2501 summatim
782 2425 866 2494 de
925 2431 1068 2515 ejus
1117 2427 1621 2516 argumentandi
1667 2429 1918 2502 ratione
1955 2425 2249 2513 judicem
2297 2463 2372 2500 —-‚-
2427 2446 2575 2499 sen-

239 2528 450 2597 tentia
496 2551 626 2615 qua
673 2530 1048 2620 arbitratur,
1115 2530 1373 2598 Liviam
1420 2530 1663 2599 nudam
1733 2552 1880 2597 esse
1927 2530 2136 2597 visam
2179 2527 2262 2594 ab
2309 2527 2577 2606 ovidio,

242 2632 504 2715 ductus,
564 2631 732 2699 haee
781 2639 1031 2709 tantum
1076 2633 1281 2699 verba
1325 2642 1565 2721 poetae
1614 2633 1838 2721 elegit,
1882 2654 2048 2718 quae
2094 2632 2159 2697 in
2204 2629 2379 2696 illam
2425 2652 2575 2698 sen·-

242 2735 519 2802 tentiam
570 2735 926 2823 quadrant3
957 2759 1187 2806 versus
1234 2747 1473 2819 autem,
1513 2734 1632 2822 ,qui
1680 2735 1740 2800 ei
1786 2757 1916 2801 non
1953 2734 2349 2801 conveniunt
2391 2756 2575 2821 pror·

240 2860 440 2906 susve
493 2838 978 2925 obloquuntur,
1035 2847 1149 2907 aut
1192 2837 1722 2925 accommodavit
1765 2846 1882 2905 aut
1910 2835 2202 2906 ,omuino
2259 2834 2575 2923 neglexit.

242 2941 343 3010 Ut
389 2940 521 3010 hoe
565 2965 766 3008 unum
815 2941 1104 3026 afferam,
1149 2952 1371 3030 poeta,
1416 2965 1491 3010 se
1548 2964 1809 3010 omnem
1879 2941 2140 3028 culpam
2219 2938 2588 3005 defendere

240 3067 371 3119 non
422 3065 643 3134 posse,
691 3044 810 3112 sed
853 3045 1090 3133 partim
1137 3058 1358 3113 errore
1404 3068 1485 3112 ac
1531 3045 1809 3112 stultitia
1854 3044 2166 3127 ablatum,
2214 3042 2452 3130 partim
2498 3040 2576 3106 ti-

246 3169 429 3215 more
452 3155 854 3215 commotum
879 3169 950 3215 se
974 3171 1317 3237 peccasse,
1357 3148 1622 3234 diserte,
1650 3156 1725 3214 ut
1754 3169 1956 3234 supra
1980 3145 2284 3227 vidimus,
2317 3146 2585 3213 fatetur»)

421 3254 506 3318 At
550 3249 814 3338 singula
856 3252 1356 3340 perspiciamus.

421 3356 516 3420 Ac
561 3351 843 3440 primum
863 3353 1141 3440 'quidem
1184 3354 1366 3421 nullo
1399 3354 1599 3422 modo
1645 3354 1802 3421 mihi
1834 3351 2238 3441 persuadere
2283 3368 2577 3438 possum,

242 3467 376 3532 tam
431 3456 727 3543 ineptum
772 3456 985 3524 fuisse
1033 3457 1395 3541 Nasonem,
1442 3467 1520 3525 ut
1562 3458 1629 3523 in
1677 3456 1906 3524 eadem
1962 3452 2248 3542 epistola
2299 3461 2367 3518 et
2411 3459 2596 3517 tam--⁷

254 3546 448 3646 quam
499 3579 631 3624 uno
679 3557 915 3645 spiritu
961 3561 1268 3648 Augusto
1315 3559 1874 3628 verecundissime
1921 3557 2204 3625 diceret:

334 3663 541 3747 ,Nam
589 3683 723 3728 non
780 3683 923 3728 sum
968 3665 1165 3749 tanti,
1208 3674 1295 3730 ut
1338 3676 1646 3733 renovem
1691 3672 1809 3730 tua
1846 3661 2143 3743 vulnera,
2194 3659 2518 3742 Caesarf‘

244 3775 442 3855 atque
488 3750 1147 3834 inverecundissime.
2113 3828 2118 3833 .

329 3868 626 3953 „Inscius
672 3869 977 3935 Actaeon
1024 3870 1190 3938 vidit
1231 3872 1374 3941 sine
1418 3878 1606 3938 veste
1650 3869 1956 3954 Dianam,
1958 3872 1996 3904 ‘⁸
2087 3876 2094 3881 “

243 3973 298 4041 si
343 3972 447 4040 his
502 3970 722 4039 verbis
754 3971 1294 4048 subaudiendum
1341 3982 1513 4044 erat·
1560 3972 1808 4041 inscius
1853 3993 2004 4059 ego,
2050 3970 2257 4057 Naso,
2300 3978 2574 4040 uxorem
