2950 4492
1444 233 1487 300 9

310 427 599 485 errorem·
641 413 902 493 poetae,
950 425 1147 492 quem
1191 402 1354 471 dicit
1398 403 1671 469 alteram
1718 402 1930 468 exsilii
1974 425 2255 486 causam,
2304 403 2625 490 ejusmodi

306 507 532 590 fuisse,
606 519 680 574 ut
752 509 933 576 solus
1008 507 1464 594 gravissimam
1537 505 1844 573 Caesaris
1922 506 2085 573 iram
2158 506 2223 570 in
2295 506 2623 574 Nasonem

312 620 745 678 converteret.

484 713 672 797 Quae
705 711 1143 780 contradictio
1190 722 1264 779 ut
1293 715 1688 780 sententiam
1734 722 2027 778 nostram
2060 719 2328 794 evertat,
2376 718 2642 776 tantum*

311 817 518 898 abest,
565 826 639 882 ut
683 816 947 903 egregie
995 815 1055 881 ei
1103 816 1470 883 conveniat.
1572 814 2054 882 Contendimus
2120 815 2319 894 enim,
2396 816 2628 879 Artem

313 928 380 985 et
423 942 711 986 errorem
757 917 981 984 Ovidii
1029 919 1354 984 artissime
1398 919 1573 986 inter
1615 943 1688 986 se
1736 940 1990 984 conexa
2034 917 2270 995 fuisse3
2328 916 2396 983 id
2455 915 2631 1001 quod

312 1044 632 1107 nusquam
677 1045 809 1088 non
856 1020 1052 1086 modo
1099 1043 1230 1086 non
1275 1032 1585 1108 negatur,
1647 1021 1767 1088 sed
1814 1020 2007 1085 etiam
2054 1020 2474 1086 confirmatur
2528 1017 2631 1086 his

116 1192 117 1195 ,
206 1204 211 1207 ,
311 1124 562 1193 verbis:
608 1124 810 1190 Trist.
850 1122 975 1189 IV.
1027 1126 1082 1206 l,
1130 1122 1247 1194 23:

401 1226 591 1310 „Scit
637 1248 899 1312 quoque
947 1226 1216 1312 (Musa),
1264 1250 1414 1292 cum
1459 1226 1646 1315 perii,
1696 1227 1844 1312 quis
1892 1249 1993 1289 me
2043 1226 2385 1310 deceperit
2429 1247 2631 1306 error,

604 1329 694 1394 Et
740 1328 999 1415 culpam
1044 1329 1110 1393 in
1156 1330 1353 1411 facto,
1401 1350 1535 1394 uon
1580 1328 1819 1410 scelus,
1869 1351 2014 1394 esse
2063 1351 2229 1396 meo,

405 1432 720 1517 „Scilicet
764 1431 892 1497 hoc
936 1431 1084 1517 ipso
1129 1454 1304 1497 nuuc
1351 1454 1579 1514 aequa,
1630 1433 1806 1517 quod
1852 1432 2063 1498 obfuit
2108 1440 2278 1514 ante,

579 1517 748 1583 Cum
797 1539 1050 1584 mecum
1089 1518 1306 1604 juncti
1355 1518 1645 1583 criminis
1694 1528 1841 1584 acta
1885 1542 1998 1583 rea
2043 1525 2165 1583 est.

404 1622 595 1704 „Non
641 1620 943 1704 equidem
988 1619 1244 1702 vellem,
1295 1621 1604 1706 quoniam
1649 1622 1951 1687 nocitura
1995 1622 2279 1701 fuerunt,

576 1722 912 1788 Pieridum
959 1723 1166 1788 sacris
1211 1724 1605 1811 imposuisse
1653 1728 1976 1793 manum.“

494 1826 758 1892 Diserte
803 1824 1003 1912 igitur
1037 1825 1318 1893 Ovidius
1353 1827 1533 1910 dicit,
1585 1826 1869 1893 carmina
1900 1846 2020 1894 sua
2046 1832 2318 1913 propter
2353 1843 2637 1887 errorem

320 1951 597 2013 aequam
643 1929 906 2014 culpam
976 1930 1216 1993 factam
1274 1952 1419 1995 esse
1467 1939 1664 2014 atque
1720 1928 1963 2007 illlum3
2036 1928 2170 1996 vel:
2261 1925 2414 2011 quia
2460 1946 2641 1989 error

322 2031 576 2095 crimini
622 2030 744 2096 sibi
792 2030 985 2095 datus
1032 2031 1136 2113 sit,
1208 2032 1403 2097 etiam
1451 2033 1682 2111 Artem
1744 2032 1903 2097 vitio
1969 2030 2095 2099 sibi
2140 2052 2396 2096 versam
2474 2047 2640 2092 esse.

320 2132 797 2218 Praeterquam
847 2132 1025 2223 quod
1068 2134 1416 2222 Augustus
1462 2157 1682 2200 errore
1714 2132 1936 2201 Ovidii
1968 2132 2386 2220 acerbissime
2433 2129 2641 2201 offen-

320 2256 434 2301 sus
480 2244 639 2317 erat,
684 2235 750 2300 id
800 2235 976 2322 quod
1020 2235 1191 2300 infra
1246 2236 1871 2320 demonstrabimuS,
1916 2235 2293 2302 necessario
2350 2240 2644 2300 statuen-

323 2337 478 2403 dum
525 2346 645 2421 est,
716 2361 863 2403 eum
932 2361 1011 2404 eo
1055 2339 1203 2425 ipso
1271 2339 1467 2404 etiam
1523 2340 1707 2406 Artis
1754 2349 1992 2426 poetae
2054 2338 2645 2404 commonefactum

324 2461 492 2522 esse,
527 2440 618 2505 ita
647 2449 724 2506 ut
750 2440 970 2506 facere
1004 2463 1134 2504 non
1169 2451 1418 2527 posset,
1451 2443 1608 2527 quin
1641 2465 1770 2508 una
1802 2465 1946 2509 cum
1982 2465 2202 2507 errore
2235 2444 2377 2527 ejus
2409 2439 2642 2502 Artem

324 2564 584 2635 quoque
631 2542 944 2631 scriptam
989 2543 1372 2612 vindicaret.
2559 2606 2564 2609 ,

495 2647 646 2712 Ars
714 2644 968 2734 igitur
1042 2646 1389 2729 amandi,
1449 2646 1710 2712 altera
1784 2671 2027 2714 causa
2100 2641 2642 2731 relegatoni8‚

325 2747 731 2814 artissime
782 2750 1292 2815 conectenda
1336 2758 1465 2817 est
1512 2773 1679 2816 cum
1728 2773 2005 2816 errore
2053 2747 2426 2834 Nasonis.

498 2848 827 2935 Sequitur,
875 2860 948 2917 ut
992 2852 1449 2918 disserendum
1499 2876 1645 2921 esse
1705 2853 2007 2919 videatur
2060 2852 2141 2916 de
2200 2871 2420 2914 errore
2473 2846 2642 2934 ipsc,

328 2975 523 3038 quem
571 2954 863 3019 nominat
910 2953 1191 3026 Ovidius
1238 2955 1511 3020 alteram
1557 2980 1635 3022 ac
1666 2957 2051 3044 proximam,
2102 2952 2312 3019 curin
2346 2950 2659 3017 exsilium:

325 3060 561 3122 missus
609 3056 715 3136 sit,
749 3078 1031 3126 causam.
1106 3057 1383 3123 Poetam
1418 3057 1700 3124 obscure
1731 3066 1984 3124 tantum
2019 3056 2198 3122 dicta
2227 3053 2310 3119 de
2344 3076 2423 3118 eo
2456 3052 2646 3119 nobis
2683 3136 2688 3142 ι

327 3157 681 3225 tradidisse
728 3183 943 3245 neque
991 3159 1194 3223 ullum
1240 3160 1591 3246 vestigium
1644 3160 1838 3247 hujus
1894 3159 1990 3225 rei
2048 3158 2226 3245 apud
2284 3156 2645 3244 scriptores

329 3259 634 3344 aequales
680 3262 975 3351 inveniri,
1018 3265 1147 3345 jam
1178 3262 1245 3326 in
1279 3263 1551 3329 exordio
1599 3264 1788 3348 hujus
1834 3260 2313 3328 dissertationis
2359 3281 2646 3325 comme·-

327 3362 738 3431 moravimus.
871 3363 1207 3447 Quantum
1277 3365 1693 3433 difficultatis
1759 3365 2021 3431 omnino
2079 3364 2277 3430 fuerit
2326 3362 2394 3426 in
2447 3360 2646 3427 rebus

330 3465 560 3530 aetatis
605 3471 979 3550 Augusteae
1029 3468 1418 3550 scribendis,
1470 3469 1598 3535 Dio
1647 3469 1917 3535 Cassius
1963 3492 2177 3534 rerum
2236 3486 2655 3531 romanarum·

328 3569 439 3635 lib.
486 3568 677 3638 LIII.
748 3591 892 3655 cap.
963 3570 1044 3635 19
1118 3571 1345 3636 docet:
1419 3573 1829 3657 temporibus
1883 3573 2126 3637 liberae
2173 3570 2268 3635 rei
2341 3566 2646 3654 publicae

330 3671 546 3737 omnia
590 3671 656 3737 in
699 3670 939 3738 finibus
984 3673 1241 3758 imperii
1287 3674 1538 3738 romani
1585 3675 1769 3739 facta
1814 3674 1896 3739 ad
1943 3682 2239 3739 senatum
2294 3669 2646 3759 populum-

332 3797 458 3859 que
504 3798 847 3841 romanum
892 3775 1027 3840 lata
1074 3797 1255 3854 esse3
1305 3782 1371 3842 ἐκ
1420 3779 1488 3842 δὲ
1532 3772 1615 3857 δὴ
1659 3778 1777 3843 τοῦ
1817 3776 2065 3863 χρόνου
2106 3779 2374 3851 ἐκείνου,
2408 3772 2645 3860 pergit,

331 3873 415 3941 w*
457 3880 574 3961 μὲν
619 3881 812 3946 πλείω
862 3875 1088 3965 κρύφα
1121 3882 1227 3943 καὶ
1265 3879 1347 3945 δι’
1393 3875 1798 3964 ἀπορῥήτων
1841 3883 2193 3965 γίγνεσθαι
2245 3874 2488 3962 ἤρξατο
2535 3883 2648 3941 καὶ

329 3986 551 4061 μέντοι
598 3980 674 4048 τὸ
722 3982 839 4061 τῆς
892 3979 1094 4067 ἀρχῆς
1144 3986 1428 4068 μέγεθος
1488 3979 1585 4060 τό,
1628 4005 1693 4047 τε
1747 3982 1875 4048 τῶν
1919 3978 2329 4068 πραγμάτων
2383 3979 2651 4059 πλῆθος
