2950 4492
1451 295 1535 358 33

2185 352 2194 389 1

327 491 546 551 causa,
605 488 805 533 causa
847 465 1138 530 Nasonis
1180 465 1250 528 in
1296 463 1597 529 exsilium
1631 461 1812 527 missi
1838 461 2046 528 latere
2078 461 2322 546 potuit;
2368 483 2447 527 ac
2477 462 2658 547 quod

325 594 543 656 neque
603 568 966 655 scriptores
1013 567 1319 650 aequales
1367 588 1581 651 neque
1613 573 1814 651 poeta
1857 564 1999 649 ipse
2043 562 2213 629 hanc
2258 586 2400 629 rem
2446 565 2660 651 publi-

328 681 674 753 caverunt,
746 678 1155 756 quantopere
1213 667 1677 732 verecundiam
1718 666 2008 752 Augusti
2065 667 2506 752 respexerint,
2554 669 2657 733 in-

328 777 575 842 dicium
622 783 744 840 est.

495 877 602 941 Ex
647 886 872 941 nostra
917 872 1199 956 denique
1247 873 1579 937 sententia
1622 869 2028 951 intelligitur,
2076 871 2257 956 quod
2300 881 2367 936 et
2412 874 2647 957 Augu-

325 989 465 1046 stus
529 979 674 1065 ipse
741 987 808 1040 et
875 997 954 1040 eo
1021 985 1281 1040 mortuo
1327 975 1635 1043 Tiberius
1707 998 1785 1038 ac
1830 974 2025 1038 Livia
2084 996 2311 1039 omnes
2363 973 2641 1039 humiles

326 1081 552 1148 Ovidii
618 1101 853 1167 preces
923 1078 1389 1165 neglexerunt,
1465 1099 1682 1162 neque
1751 1075 1882 1141 ullo
1946 1076 2143 1142 modo
2211 1077 2642 1142 miserrimam

324 1193 571 1249 sortem
632 1187 771 1267 ejus
817 1180 1139 1246 levarunt.
1237 1178 1439 1266 Apud
1498 1180 1783 1244 Dionem
1843 1179 2147 1244 Cassium
2201 1178 2315 1245 lib.
2355 1174 2538 1246 LVI.
2585 1203 2645 1246 c.

323 1287 409 1350 40
458 1285 796 1351 Tiberium
843 1283 924 1347 de
959 1288 1254 1369 Augusto
1286 1294 1547 1348 mortuo
1580 1283 1676 1347 sic
1725 1283 1929 1347 verba
1972 1284 2188 1348 facere
2240 1281 2658 1347 memineris:

323 1401 464 1465 τοῖς
517 1412 585 1454 τε
639 1388 769 1452 τῶν
814 1383 1234 1453 οἰκειοτάτων
1277 1386 1682 1472 ὑβρίσμασιν
1724 1382 2186 1468 ἀπαραιτήτως
2230 1383 2516 1465 ἐπεξιών,
2563 1384 2650 1451 τὰ

323 1493 449 1557 τῶν
472 1489 687 1555 ἄλλων
716 1487 1166 1576 ἁμαρτήματα
1196 1488 1643 1570 ἀνθρωπίνως
1668 1491 2153 1574 μετεχειρίζετο.
2203 1485 2418 1570 Quam
2446 1488 2481 1550 f
2481 1489 2656 1552 uerit

323 1591 746 1658 inexorabilis
792 1596 857 1654 in
915 1590 1114 1655 filiam
1160 1598 1595 1676 neptemque,
1653 1591 2065 1656 severissime
2125 1612 2242 1653 eae
2302 1587 2648 1655 damnatae

326 1695 596 1779 docent3
645 1694 761 1758 sed
810 1716 959 1759 eum
1008 1716 1091 1757 ne
1126 1691 1591 1758 moribundum
1625 1692 1889 1778 quidem
1924 1692 2037 1756 illa
2066 1691 2318 1776 flagitia
2345 1692 2425 1755 iis
2458 1692 2653 1776 igno-

327 1798 517 1880 visse,
588 1818 669 1861 ex
723 1796 823 1860 his
883 1795 1104 1861 verbis
1152 1795 1456 1862 Suetonii
1528 1798 1739 1881 (Aug.
1791 1819 1848 1865 c,
1900 1797 2051 1878 101)
2120 1794 2278 1859 satis
2323 1817 2657 1882 superque

324 1898 570 1967 elucet:
614 1898 871 1981 „Julias
916 1898 1118 1962 filiam
1162 1907 1581 1983 neptemque,
1628 1899 1682 1962 si
1715 1898 1872 1983 quid
1905 1898 1985 1963 iis
2020 1896 2394 1974 accidisset,
2436 1897 2649 1961 vetuit

323 2002 630 2087 sepulcro
679 2023 798 2066 suo
846 2001 1135 2089 inferri.“
1226 1998 1411 2085 Ergo
1472 2001 1530 2065 si
1585 2000 1783 2065 talem
1845 2001 2185 2085 Augustus
2249 1999 2316 2064 in
2385 2009 2656 2086 neptem

325 2125 396 2169 se
442 2101 778 2189 praebuit,
823 2102 1155 2188 quomodo
1200 2103 1413 2167 minus
1455 2104 1733 2168 infestus
1766 2124 1913 2167 esse
1944 2103 2164 2188 potuit
2200 2102 2267 2167 in
2297 2103 2658 2186 Nasonem,

326 2227 518 2290 quem
574 2228 708 2270 non
765 2206 978 2270 solum
1033 2204 1425 2290 participem
1494 2206 1599 2270 vel
1664 2206 1992 2273 fautorem
2051 2204 2451 2292 flagitiorum
2497 2206 2638 2291 ejus

313 2309 665 2399 judicaret,
715 2307 833 2372 sed
882 2310 1066 2393 cujus
1110 2308 1375 2372 lascivis
1425 2308 1819 2373 carminibus
1852 2307 2045 2372 etiam
2082 2331 2316 2395 magna
2347 2332 2429 2374 ex
2460 2317 2648 2395 parte

328 2432 541 2475 mores
587 2410 760 2476 filiae
806 2410 1158 2496 neptisque
1207 2420 1558 2496 corruptos
1606 2410 2132 2497 depravatosque
2180 2433 2326 2476 esse
2360 2414 2658 2498 putaret!

331 2518 421 2580 Ac
465 2513 520 2577 si
568 2514 714 2595 (cfr.
763 2511 958 2579 Dion.
1009 2511 1197 2582 Cass.
1246 2510 1390 2583 LV.
1437 2517 1528 2584 cs
1567 2514 1702 2597 13.)
1744 2535 1979 2599 preces
2026 2513 2131 2578 vel
2173 2514 2381 2581 totius
2426 2514 2658 2602 populi

325 2616 602 2697 romani,
685 2626 760 2680 ut
824 2615 998 2679 filiae
1066 2614 1397 2700 relegatae
1464 2615 1744 2680 reditum
1817 2615 2241 2698 concederet,
2296 2616 2466 2682 adeo
2524 2639 2659 2682 non

327 2721 691 2808 Augustum
716 2728 1080 2800 moverunt,
1111 2727 1186 2784 ut
1216 2719 1439 2805 „prius
1469 2718 1690 2805 ignem
1722 2718 2041 2784 coitur-um
2088 2741 2235 2784 esse
2270 2740 2420 2783 cum
2449 2723 2663 2803 aqua“

331 2818 619 2902 diceret;
690 2820 744 2885 si
812 2844 895 2885 ne
969 2830 1236 2904 neptem
1310 2821 1577 2906 quidem
1645 2821 1885 2885 reverti
1939 2844 2175 2907 passus
2223 2829 2325 2886 est
2368 2861 2450 2873 --
2500 2820 2660 2905 quid

329 2920 579 3000 mirum,
628 2921 807 3006 quod
851 2921 1160 3009 precibus
1191 2934 1429 3009 poetae
1460 2923 1737 3010 relegati
1762 2923 1973 3009 ipsius
2011 2923 2138 3006 vel,
2189 2921 2352 3008 qu‘as
2386 2945 2661 2988 uxorem

331 3024 471 3107 ejus
518 3031 714 3109 atque
761 3026 1010 3091 amicos
1041 3047 1162 3111 pro
1193 3025 1435 3091 misero
1466 3025 1694 3092 exsule
1727 3023 2107 3091 adhibuisse
2138 3024 2498 3091 verisimile
2532 3035 2655 3110 est,

326 3123 550 3190 minus
598 3137 966 3192 commotus
1013 3129 1143 3193 est!

499 3244 689 3326 Quae
735 3268 882 3311 cum
929 3245 1021 3310 ita
1080 3246 1242 3330 sint,
1311 3270 1506 3312 nemo
1558 3251 1696 3333 jam
1743 3245 2093 3328 dubitabit,
2136 3248 2295 3332 q'uin
2344 3244 2656 3314 Tiberius

330 3353 398 3409 et
438 3344 660 3429 Livia,
726 3349 1035 3435 Augusto
1089 3357 1351 3415 mortuo
1396 3349 1657 3415 veniam
1702 3347 2289 3434 impunitatemque
2355 3350 2645 3435 supplici

329 3447 576 3515 Nasoni
621 3460 964 3535 negantes,
1014 3474 1096 3516 ex
1141 3451 1481 3517 voluntate
1530 3450 1825 3517 defuncti
1867 3448 1961 3514 ita
2001 3450 2301 3523 fecerint.
2395 3450 2521 3517 Cui
2553 3453 2651 3517 rei

331 3549 658 3635 congruit,
707 3551 884 3634 quod
933 3575 1016 3618 ne
1060 3553 1282 3620 Juliae
1326 3553 1513 3638 nepti
1558 3552 1857 3638 quidem,
1915 3560 2270 3638 postquam
2324 3576 2488 3621 avus
2536 3554 2651 3619 de-

330 3653 563 3729 cessit,
626 3653 841 3738 gratia
902 3655 1084 3720 facta
1147 3665 1281 3738 est,
1347 3654 1466 3721 sed
1524 3676 1735 3740 usque
1792 3651 1876 3719 ad
1921 3665 2198 3721 mortem
2242 3677 2364 3741 per
2411 3655 2645 3742 viginti

329 3777 537 3821 annos
569 3754 870 3821 exsilium
900 3757 1026 3821 fuit
1057 3756 1582 3844 perpetiendum.
1635 3757 1931 3825 Silanum
1964 3757 2254 3843 quidem,
2286 3755 2656 3825 adulterum

332 3856 548 3944 neptis
598 3859 903 3944 Augusti,
981 3859 1093 3944 qui
1158 3858 1591 3925 voluntarium
1656 3858 1959 3925 exsilium
2024 3858 2152 3925 sibi
2219 3860 2656 3945 consciverat,

330 3956 600 4024 Tiberio
652 3969 1005 4046 regnante,
1071 3961 1349 4026 Romam
1394 3961 1773 4045 revertisse,
1816 3958 2090 4027 Tacitus
2134 3960 2346 4028 annal.
2392 3960 2522 4032 111.
2566 3964 2655 4030 24

330 4062 555 4131 refert.
645 4065 732 4128 At
759 4062 1007 4128 ibidem
1041 4083 1325 4148 quoque,
1369 4064 1703 4147 quomodo
1731 4063 1801 4128 id
1830 4062 1972 4127 fieri
2002 4064 2315 4148 potuerit,
2360 4072 2431 4128 et
2458 4084 2659 4149 quam
