2950 4492
1398 172 1440 237 8

228 340 600 427 redarguat.
702 341 881 408 Num
940 349 1170 427 putas,
1225 351 1491 428 poet-am
1547 352 1662 411 tot-
1704 346 1910 414 verba
1950 354 2348 434 tantumque
2404 349 2553 415 elo-

232 441 539 528 quentiae
586 465 664 509 ae
708 443 953 512 laboris
998 444 1399 531 impendisse
1444 447 1531 513 ad
1575 449 2004 518 refutandum
2047 449 2330 534 crimen,
2376 451 2554 537 quod

231 571 269 612 a
316 546 602 614 Caesare
649 546 1022 614 simulatum
1070 569 1216 615 esse
1260 547 1435 615 haud
1481 549 1866 637 ignoraret?
1927 552 2134 619 Immo
2181 576 2340 619 vero
2387 554 2558 621 hanc

232 649 728 717 disertissimam
773 649 960 716 Artis
1007 650 1462 718 defensionem
1510 675 1641 719 non
1687 655 2094 743 scripsisset,
2152 655 2277 722 nisi
2321 658 2554 744 Augu-

231 762 403 819 stum
446 776 534 819 ex
604 752 801 819 animi
851 754 1178 820 sententia
1250 754 1364 821 illa
1438 757 1729 825 carmina
1784 758 2036 825 crimini
2082 758 2210 825 sibi
2276 759 2555 828 vertisse

230 877 616 943 persuasum
661 855 1018 922 habuisset.
1065 856 1218 924 Hae
1263 857 1525 927 demum
1570 860 1825 926 ratione
1855 861 2258 955 intelligitur,
2284 871 2556 949 *poetam

227 962 452 1026 Musas
500 959 839 1025 nominare
885 959 1086 1028 Trist.
1133 958 1215 1025 V.
1269 961 1368 1042 12,
1414 963 1499 1028 47
1548 963 1937 1045 „maximam
1985 986 2250 1033 causam
2297 966 2557 1053 fugae“‚

232 1071 300 1127 et
344 1070 553 1127 artem
603 1062 930 1149 poetieam
993 1062 1212 1150 Epist.
1268 1062 1389 1131 IV.
1447 1065 1511 1148 2,
1554 1065 1638 1131 32
1715 1067 2153 1156 „principium
2200 1068 2415 1152 mali“,
2492 1078 2559 1135 et

233 1165 524 1231 carmina
576 1164 792 1252 Epist.
852 1163 972 1235 IV.
1023 1167 1123 1247 13,
1167 1166 1254 1232 42
1296 1168 1619 1253 „primam
1663 1178 1798 1235 tam
1841 1170 2117 1238 miserae
2160 1171 2357 1258 fugae
2403 1194 2556 1238 cau-

234 1271 440 1335 sam.“
532 1269 757 1353 Atque
787 1268 952 1335 adeo
985 1267 1149 1334 haec
1181 1271 1588 1337 conscientia
1631 1274 1697 1337 in
1730 1273 2014 1339 animum
2061 1277 2203 1360 ejus
2251 1283 2558 1361 penetra·

231 1378 436 1454 verat,
484 1381 558 1436 ut
600 1373 738 1436 fere
783 1393 1114 1456 nunquam
1162 1371 1229 1436 in
1277 1374 1505 1440 exsilio
1559 1373 1643 1440 de
1696 1375 2097 1442 carminibus
2155 1375 2560 1461 loqueretur,

235 1474 392 1560 quin
446 1473 558 1538 illa
612 1473 738 1539 sibi
812 1474 1117 1539 nocuisse
1176 1483 1540 1561 repeteret3
1611 1476 1768 1561 quin
1814 1478 2011 1544 etiam
2057 1479 2367 1566 sepulcro
2436 1502 2557 1547 suo

234 1576 397 1644 haee
439 1576 646 1642 verba
690 1575 898 1643 incisa
941 1574 1279 1662 cupiebat:

321 1696 496 1782 „Hic
543 1718 670 1784 ego
716 1695 825 1781 qui
863 1698 1060 1783 jaceo
1103 1705 1477 1763 tenerorum
1522 1698 1704 1765 lusor
1748 1722 2059 1783 amorum,

495 1817 774 1906 Ingenio
824 1815 989 1906 perii
1025 1817 1208 1884 'Naso
1254 1826 1454 1905 poeta
1500 1822 1716 1885 meo.“
1762 1858 1838 1868 -
1890 1819 2091 1888 Trist.
2141 1820 2268 1890 ΙΙΙ.
2314 1821 2374 1902 3,
2427 1819 2529 1890 73,

409 1921 597 2005 Quae
642 1943 789 1988 mea
835 1921 1165 1988 sententia
1211 1920 1573 1988 certissime
1623 1922 2047 1988 confirmatur
2089 1923 2169 1989 iis
2215 1924 2402 2007 locis,
2451 1923 2568 2013 ubi

236 2032 458 2114 poeta,
503 2024 681 2092 nulla
747 2026 1036 2113 Augusti
1091 2024 1344 2090 ratione
1396 2023 1647 2107 habita,
1707 2047 2001 2090 maerore
2062 2024 2343 2093 afflictus
2402 2027 2561 2091 defi-

238 2149 491 2215 xusque
537 2128 604 2193 in
651 2128 1050 2216 cogitatione
1098 2128 1180 2194 de
1226 2127 1398 2193 malo
1444 2150 1564 2192 suo
1619 2150 1839 2193 secum
1898 2128 2281 2211 meditatur,
2342 2133 2561 2215 cujus-

238 2231 417 2298 modi
461 2238 643 2312 sunt‚
705 2230 758 2296 si
825 2237 1202 2297 sontextum
1247 2228 1556 2317 respicis:
1633 2229 1831 2300 Trist.
1877 2230 1931 2300 1.
1988 2233 2038 2312 1,
2116 2231 2279 2311 1133
2350 2234 2411 2314 9,
2458 2231 2562 2296 55.

237 2333 369 2401 III.
417 2335 566 2416 3‚73
614 2331 694 2402 V.
745 2339 800 2415 1,
849 2334 964 2413 203
1013 2335 1071 2417 7,
1116 2334 1202 2400 32
1247 2331 1505 2418 aliique.
1599 2331 1774 2415 Quin
1835 2332 2030 2399 etiam
2071 2336 2379 2422 Augusto
2426 2337 2565 2421 jam

240 2436 578 2521 mortuo*)
626 2436 901 2502 eandem
945 2437 1199 2524 profert
1243 2436 1593 2521 querelam,
1643 2434 1824 2501 velut
1872 2434 2080 2524 Epist.
2121 2434 2242 2501 IV.
2298 2438 2403 2520 13,
2448 2438 2564 2502 412

331 2546 686 2642 „Carmina
727 2556 817 2621 nil
864 2564 1165 2644 prosunt,
1212 2563 1582 2622 nocuerunt
1625 2556 1916 2622 carmina
1959 2555 2308 2642 quondam,

419 2687 421 2689 ·
501 2656 854 2746 Primaque
900 2667 1034 2726 tam
1079 2658 1358 2724 miserae
1408 2679 1608 2723 causa
1653 2661 1835 2724 tuere
1882 2660 2140 2747 fugae.“

416 2781 522 2846 Ac
567 2779 893 2867 profecto,
941 2778 1242 2844 miserior
1286 2786 1429 2844 erat
1474 2778 1681 2860 exsul,
1731 2802 1923 2864 quam
1971 2779 2082 2866 qui
2129 2779 2304 2845 fictis
2353 2778 2604 2855 causis,

243 2883 515 2971 insuper
560 2883 843 2948 animum
889 2881 1232 2948 cruciaret.

417 3002 704 3087 Itaque
761 3001 979 3069 nullo
1055 3002 1286 3069 modo
1359 3000 1721 3067 dubitari
1790 3011 2098 3088 potest,
2166 3001 2358 3087 quin
2413 3001 2568 3066 Ars

247 3104 582 3188 amandi,
670 3125 894 3188 quam
991 3099 1337 3170 Ovidius
1423 3102 1822 3186 ediderat,
1915 3104 2196 3169 altera
2283 3099 2605 3175 exsilii,

251 3229 496 3285 causa
570 3206 825 3273 fuerit
897 3232 987 3273 ac
1063 3229 1247 3275 vera
1333 3206 1655 3291 quidem
1741 3229 2000 3333 neque
2083 3204 2253 3272 ullo
2344 3203 2595 3281 modo-¹

248 3292 642 3378 simulata.

290 3515 295 3521 .
341 3480 344 3485 1
421 3429 526 3494 At
568 3430 919 3496 forsitan
966 3429 1201 3515 aliquis
1249 3428 1505 3509 dixerit,
1552 3429 1783 3492 Artem
1831 3427 1913 3492 ab
1945 3426 2191 3495 ‘ovidio
2240 3448 2385 3491 esse
2433 3424 2572 3490 edi-

250 3541 383 3600 tam
421 3534 558 3618 jam
603 3555 836 3598 novem
885 3535 1070 3598 annis
1117 3539 1267 3598 ante
1314 3530 1785 3616 relegationem
1835 3533 1975 3617 ejus
2022 3540 2089 3595 et
2133 3530 2295 3595 satis
2341 3550 2573 3615 super-

253 3658 381 3721 que
427 3637 748 3721 temporis
792 3636 996 3702 fuisse
1044 3638 1352 3721 Augusto
1399 3633 1485 3697 ad
1533 3633 2047 3715 observandum,
2093 3646 2401 3718 quantam
2447 3630 2578 3696 vim

255 3761 331 3804 ea
375 3738 651 3804 haberet
699 3740 781 3804 ad
831 3762 1047 3804 mores
1106 3735 1624 3823 corrumpendos
1683 3735 2303 3822 depravandosque3
2380 3743 2576 3818 atque

312 3948 315 3949 ⁷
384 3928 442 4005 ῥ’)
476 3927 574 3983 etr.
601 3916 770 3989 infra.
