2950 4492
1361 247 1444 314 26

234 411 572 497 quomodo
604 420 845 479 -autem-
889 415 1336 482 conectendas
1383 416 1517 482 sint
1559 416 1709 484 illae
1757 439 1882 501 ree,
1932 441 2061 484 non
2139 418 2296 486 satis
2345 420 2560 499 adhuc

242 523 549 581 accurate
597 516 995 604 explicatum
1046 541 1191 584 esse
1237 518 1520 587 videtur.
1610 525 1939 604 Attamen,
1995 521 2052 615 si
2111 544 2240 588 non
2286 544 2561 611 prorsus

233 615 540 701 fallimur,
576 620 877 704 quaestio
911 620 1302 688 difficillima
1331 645 1559 689 omnes
1581 624 1666 689 ad
1690 646 1997 690 numeros
2032 624 2284 691 absolvi
2314 635 2560 714 potest.

406 721 799 806 Memineris,
849 722 1151 790 omnibus
1199 724 1423 792 Ovidii
1470 726 1553 792 de
1602 749 1801 794 causa
1831 725 2042 792 exsilii
2088 727 2369 794 obscure
2416 728 2562 796 dic-

236 821 321 887 tis
377 822 635 890 collatis
682 833 880 910 atque
927 828 1310 894 examinatis
1358 829 1441 895 ad
1498 828 1668 897 hano
1723 829 2115 895 sententiam
2183 831 2564 897 necessario

230 946 354 991 nos
402 927 806 1013 pervenisse.

413 1044 726 1112 Ovidium
773 1049 1053 1137 primum
1102 1049 1366 1137 quidem
1413 1052 1689 1117 invitum
1737 1074 1814 1119 ao
1863 1059 2111 1117 temere
2158 1053 2254 1116 rei
2301 1052 2563 1119 cuidam

241 1148 701 1236 intervenisse,
750 1175 918 1239 quae
965 1176 1232 1240 gravem
1282 1155 1575 1242 Augusti
1622 1177 1700 1220 ac
1745 1153 1946 1220 totius
1993 1153 2224 1220 domus
2256 1155 2565 1223 Caesaris

245 1250 675 1319 offensionem
722 1256 1109 1340 contineret,
1159 1256 1398 1321 deinde
1444 1265 1661 1322 autem
1710 1279 1856 1322 eum
1901 1256 2008 1321 vel
2039 1257 2318 1322 stultitia
2364 1269 2563 1342 atque

240 1377 459 1421 errore
506 1356 793 1441 quodam
836 1359 940 1425 vel
988 1358 1222 1425 timore
1293 1358 1650 1425 adductum
1721 1358 1972 1424 socium
2041 1361 2183 1445 ejus
2250 1360 2346 1426 rei
2414 1383 2564 1426 esse

236 1459 517 1539 faetum3
567 1482 759 1546 quam
807 1461 1212 1544 societatem,
1261 1461 1643 1528 innocentia
1686 1461 1896 1550 ipsius
1970 1471 2271 1546 servata,
2341 1472 2570 1529 tamen

240 1561 869 1648 perniciosissimam
918 1564 977 1629 ei
1022 1565 1265 1630 factam
1313 1586 1458 1631 esse
1508 1587 1605 1648 eo,
1642 1564 1817 1651 quod
1879 1574 2027 1631 cum
2076 1575 2357 1650 peceato
2399 1589 2567 1652 poe-

233 1672 339 1729 tae
389 1666 520 1730 Ars
566 1666 816 1753 scripta
861 1667 1122 1733 amandi
1171 1675 1654 1736 conecteretur.

409 1781 625 1867 Quam
671 1793 961 1852 nostram
1010 1785 1381 1873 opinionem
1418 1788 1558 1873 jam
1623 1787 1717 1852 ita
1760 1782 2199 1873 supplenda-m
2267 1808 2413 1852 esse
2450 1788 2567 1873 ju-

233 1885 556 1954 dicamus:

436 2029 564 2073 res
643 2011 774 2073 cui
850 2018 1107 2097 poeta
1180 2009 1660 2091 intervenit,
1737 2008 2074 2096 aliquod
2147 2008 2568 2094 flagitium

229 2109 507 2176 duliae
555 2112 830 2198 neptis
881 2121 1077 2193 erat,
1122 2121 1468 2202 propter
1514 2111 1725 2197 quod
1782 2112 1956 2198 ipsa
2022 2111 2117 2177 ab
2175 2111 2567 2197 Augusto

231 2210 600 2299 relegata
644 2223 785 2284 est.

407 2314 657 2381 Juliam
705 2317 941 2382 eodem
973 2340 1156 2382 anno
1184 2317 1252 2381 in
1301 2317 1604 2382 exsilium
1650 2317 1915 2382 missam
1964 2337 2132 2398 esse,
2178 2336 2309 2399 quo
2341 2313 2569 2381 Naso-

234 2439 407 2501 nem,
452 2417 575 2483 viri
623 2418 990 2484 doetissimi
1037 2419 1477 2485 consentiunt.
1565 2418 1735 2484 Cum
1781 2428 1997 2485 autem
2045 2417 2126 2482 de
2173 2439 2344 2482 anno
2388 2417 2569 2504 ipse,

236 2520 349 2607 qui
393 2521 614 2604 fuerit,
663 2521 1079 2606 dissentiant,
1128 2520 1325 2586 modo
1372 2521 1438 2585 in
1474 2530 1862 2587 transcursu
1896 2521 2067 2588 hanc
2103 2521 2584 2607 quaestionem

230 2622 489 2689 solvere
537 2623 969 2710 experiamur.

406 2723 719 2814 Legimus
768 2725 943 2814 apud
993 2724 1307 2794 Ovidium
1354 2724 1571 2811 Epist.
1618 2723 1739 2792 IV.
1788 2726 1897 2795 10:

321 2828 501 2912 „Hic
548 2828 703 2893 mihi
753 2828 1107 2896 Cimmerio
1154 2827 1280 2893 bis
1327 2826 1577 2892 tertia
1624 2825 1888 2893 ducitur
1933 2834 2205 2893 aestas

492 2933 724 2999 Litore
772 2932 1044 3019 pellitos
1089 2931 1260 2996 inter
1308 2928 1570 3018 agenda
1614 2928 1844 3000 Getas,
1852 2933 1890 2965 ‘⁸

404 3034 712 3122 Epistola
789 3042 1008 3100 autem
1085 3031 1344 3099 decima
1385 3031 1537 3096 libri
1583 3029 1704 3096 IV.
1783 3031 2030 3117 scripta
2104 3038 2206 3119 est
2252 3029 2567 3131 Augusto

232 3240 398 3296 crime
435 3255 508 3308 qu
512 3240 575 3293 1}
604 3257 639 3295 a
697 3258 766 3296 vn
824 3244 1156 3307 commoti-re,
1214 3243 1268 3290 et
1322 3251 1385 3290 oe
1443 3235 1585 3289 n’est
1635 3250 1734 3304 pas
1770 3250 1843 3289 un
1878 3233 2043 3288 crime
2081 3247 2185 3301 que
2223 3236 2295 3288 de·
2324 3235 2571 3304 prendre

230 3342 304 3381 nn
344 3325 524 3383 bain.“
2425 3358 2432 3367 ἦ

369 3409 488 3465 Jam
527 3408 596 3463 de
632 3409 866 3478 Augusti
900 3407 983 3462 ira
1015 3408 1072 3462 in
1110 3413 1304 3475 poetae
1339 3403 1515 3459 nostri
1548 3403 1844 3472 perniciem
1878 3410 2156 3472 oonoepta,
2203 3403 2292 3458 sie
2339 3405 2535 3463 statuit
2555 3424 2578 3469 2:

237 3498 423 3562 „cette
459 3493 807 3551 coincidence
844 3493 988 3559 (soil.
1024 3490 1349 3559 flagitiorum
1369 3488 1551 3545 Juliae
1584 3487 1764 3557 neptis
1787 3488 2122 3545 detectorum
2142 3489 2572 3560 punitorumque

239 3592 294 3639 et
331 3581 513 3639 Ovidii
546 3580 722 3649 ipsius
758 3579 957 3647 exsilii)
995 3594 1064 3633 ne
1101 3592 1240 3633 nous
1273 3575 1612 3646 permet-eue
1646 3589 1747 3642 pas
1769 3574 1839 3630 de
1875 3589 2141 3647 supposer
2163 3589 2271 3643 que
2296 3576 2438 3631 e’est
2459 3591 2576 3637 aux.

234 3684 451 3725 amours
486 3668 558 3722 de
594 3665 742 3721 {Iulia
776 3672 831 3721 et
867 3664 936 3721 de
974 3663 1190 3719 Silanus
1227 3659 1495 3732 qu’ovide
1527 3675 1563 3715 a
1600 3659 1686 3715 ete
1720 3659 1859 3716 mele
1898 3666 1954 3715 et
1987 3674 2092 3728 que
2127 3672 2267 3715 nous
2299 3677 2334 3728 y
2370 3668 2571 3719 tenone

227 3759 284 3812 la
323 3768 488 3809 cause
525 3750 788 3808 veritable
824 3751 894 3806 de
930 3751 984 3805 ia
1022 3749 1202 3806 colere
1239 3748 1542 3816 d'Auguste
1580 3752 1765 3800 contre
1801 3745 1946 3802 lui‘?“

377 3841 645 3893 Summam
686 3837 924 3905 deniquo
961 3832 1065 3889 viri
1100 3833 1247 3889 docti
1284 3837 1722 3901 argumentorum
1757 3831 1894 3885 haee
1930 3826 2060 3883 mihi
2095 3827 2261 3883 vezba
2285 3831 2586 3909 continere.

232 3926 508 3992 videntur,
550 3939 687 3992 quae
722 3941 775 3992 p.
813 3922 916 3978 603
954 3920 1214 3988 legimus.
1257 3916 1338 3985 ‚je
1378 3916 1522 3970 crois
1561 3931 1664 3984 que
1703 3931 1791 3971 ses
1826 3913 2039 3984 poesies
2074 3919 2169 3967 ont
2203 3913 2364 3969 stela
2400 3931 2574 3972 cause

230 4010 494 4068 veritable
537 4009 605 4063 de
643 4024 741 4063 son
781 4008 908 4075 exil‚
950 4012 1007 4059 et
1043 4020 1149 4074 que
1187 4006 1238 4057 le
1279 4008 1426 4057 reste
1462 4001 1583 4054 n’en
1622 4001 1704 4055 fut
1739 4014 1845 4067 que
1880 3995 2184 4051 l’oooasion.
