2950 4492
1472 262 1558 332 2‘5

494 434 767 522 '‚‚Cette
813 438 1224 525 supposition
1267 432 1533 526 remplit
1577 425 1794 507 tontes
1841 438 1936 504 les
1968 437 2340 504 conditions
2387 438 2474 504 du
2518 461 2676 525 pro·

354 541 570 609 bleme
616 542 673 608 si
719 541 1092 629 longtemps
1158 543 1479 628 cherche3
1551 543 1674 607 elle
1722 547 2026 630 presente
2083 548 2234 607 tous
2286 541 2383 606 les
2439 540 2676 627 degres

362 643 445 709 de
492 642 1028 726 vraisemblance‚
1107 645 1231 710 elle
1314 644 1645 711 concorde
1722 669 1881 712 avec
1950 652 2168 711 toutes
2243 644 2339 709 les
2416 643 2677 732 paroles

359 745 732 834 echappees
779 751 819 812 a
863 746 1131 814 Ovide.“

563 848 916 936 Reliquum
964 860 1082 932 est,
1130 860 1203 917 ut
1248 858 1509 918 nosmet
1554 853 1682 941 ipsi
1728 840 2018 918 nostram
2050 850 2461 935 proferamus
2531 872 2677 914 sen-

357 951 656 1036 tentiam,
720 974 853 1038 quo
923 976 1106 1019 error
1148 954 1259 1020 ille
1328 958 1626 1022 funestus
1675 954 1900 1022 Ovidii
1948 961 2289 1041 spectasse
2338 953 2530 1018 nobis
2575 952 2686 1016 viss·

359 1052 611 1123 deatur.

334 1173 338 1179 ·
525 1158 607 1223 ln
653 1160 1139 1226 enumeratione
1187 1162 1508 1227 variarum
1589 1161 1671 1226 de
1727 1156 2151 1247 relegationis
2198 1157 2423 1225 Ovidii
2481 1180 2678 1222 causa

359 1261 828 1327 sententarium
873 1287 1065 1328 unam
1115 1264 1330 1332 adhuc
1375 1265 1720 1347 tacuimus,
1768 1288 1847 1331 ac
1904 1261 2178 1328 consilio
2234 1260 2520 1347 quidem.

529 1361 919 1432 Tiraboschi
967 1366 1154 1451 enim,
1205 1369 1306 1433 vir
1362 1368 1599 1434 doctus
1645 1368 1937 1448 Italicus,
1988 1365 2238 1453 primus
2294 1364 2393 1429 sic
2453 1366 2677 1449 conje-

358 1457 529 1531 cisse
576 1460 846 1534 dicitur:

529 1567 847 1634 Ovidium
892 1571 973 1636 ab
1003 1573 1306 1659 Augusto
1350 1575 1419 1639 iu
1443 1573 1742 1641 exsilium
1787 1572 2057 1638 missum
2104 1593 2250 1637 esse
2296 1578 2672 1658 propterea,

363 1668 540 1754 quod
586 1669 853 1754 Juliam,
903 1683 1170 1761 neptem
1219 1680 1381 1763 ejus,
1425 1680 1495 1742 in
1540 1677 1844 1745 faciendo
1890 1675 2111 1760 aliquo
2161 1697 2389 1740 eorum
2430 1672 2672 1758 flagiti·

359 1779 545 1837 orum
588 1776 1056 1862 oppressisset,
1129 1802 1296 1864 quae
1341 1782 1618 1846 miserae
1662 1779 1757 1845 illi
1833 1779 2115 1845 feminae
2188 1778 2316 1864 ipsi
2365 1774 2677 1842 exulandi

356 1897 558 1940 causa
599 1876 850 1945 fierent.
942 1878 1206 1944 Etenim
1252 1882 1820 1964 verisimileesse,
1868 1883 2261 1968 Augustum,
2331 1903 2412 1944 ne
2484 1881 2672 1964 igno-

354 1977 623 2042 miniam
668 1989 1035 2062 renovaret,
1067 2004 1189 2067 qua
1228 1985 1364 2070 jam
1413 1985 1597 2070 prius
1625 1985 1808 2051 Julia
1849 1983 2003 2066 filia,
2052 1983 2355 2050 omnibus
2402 1982 2668 2071 flagitiis

359 2080 822 2171 contaminata,
870 2082 1134 2150 domum
1179 2086 1611 2175 principalem
1660 2087 1987 2168 affecerat,
2038 2095 2237 2173 nepte
2285 2086 2580 2171 relegata
2612 2088 2679 2149 et

365 2181 666 2249 adultero
714 2187 855 2271 ejus
902 2185 1296 2276 interempto
1346 2189 1540 2254 etiam
1574 2192 1922 2272 Nasonem,
1972 2190 2310 2256 conscium
2349 2187 2675 2270 adulterii,

354 2285 703 2371 amovisse,
751 2295 825 2353 ut
869 2288 1043 2355 omni
1088 2291 1305 2374 mod0,
1353 2294 1701 2377 quominus
1747 2317 1883 2358 rem
1929 2293 2429 2380 ignominiosam
2489 2314 2675 2356 enar-

358 2398 557 2476 raret,
606 2410 750 2454 eum
784 2391 1181 2476 prohiberet.
1271 2395 1420 2460 Jam
1457 2397 1637 2481 quod
1667 2396 2059 2464 Tiraboschi
2093 2418 2355 2482 quoque
2389 2404 2676 2481 poetam,

358 2491 539 2556 omni
585 2492 780 2580 culpa
823 2517 1123 2578 vacuum,
1170 2496 1368 2563 modo
1416 2497 1641 2566 decori
1700 2500 2064 2565 domestico
2108 2498 2443 2584 [animique
2504 2497 2675 2562 Cae-

349 2591 512 2658 saris
558 2596 1017 2681 tranquillitati
1062 2607 1392 2685 tamquam
1440 2601 1770 2668 victimam
1800 2601 2206 2668 immolatum
2237 2601 2465 2683 voluit,
2518 2622 2674 2666 cau-

349 2717 486 2761 sam
536 2720 690 2764 vero
740 2700 952 2766 exsilii
1000 2704 1139 2787 ejus
1174 2706 1402 2768 Artem
1451 2705 1710 2771 amandi
1758 2705 2072 2794 scriptam
2105 2703 2473 2771 simulatam
2522 2724 2670 2797 esse

350 2799 597 2883 statuit,
646 2800 810 2868 haec
858 2804 1124 2888 quidem
1172 2805 1292 2870 viri
1340 2805 1520 2874 docti
1589 2810 1916 2875 sententia
1983 2830 2194 2895 aeque
2270 2816 2469 2893 atque
2528 2806 2672 2893 opi-

349 2901 579 2969 niones
627 2904 688 2969 ei
757 2905 1002 2971 similes
1068 2907 1256 2973 nobis
1330 2909 1688 2976 refutanda
1761 2921 1883 2978 est.
2004 2911 2251 2977 Verum
2297 2909 2677 2997 probamus,

360 3026 507 3070 eum
559 3005 858 3073 exsilium
904 3007 1129 3075 Ovidii
1206 3034 1354 3076 cum
1406 3011 1704 3101 relegata
1744 3013 1929 3081 Julia
1989 3022 2188 3103 nepte
2268 3012 2676 3083 conexuisse.

361 3107 684 3175 Permulti
709 3108 828 3175 viri
865 3109 1229 3178 doctissimi
1252 3112 1337 3179 ad
1363 3115 1639 3182 eandem
1666 3119 2058 3184 sententiam
2099 3115 2372 3182 adducti
2416 3117 2676 3202 sunt;*)

485 3362 540 3432 ¹⁸¹)
577 3365 673 3420 cfr.
693 3365 956 3436 imprimis
980 3367 1183 3423 Gaston
1203 3368 1473 3424 Boissier:
1498 3369 1647 3426 l’exil
1667 3369 1912 3427 d’Ovide.
1940 3372 2124 3428 Revue
2150 3371 2247 3427 des
2269 3372 2415 3428 deux
2442 3372 2673 3429 Mendes

348 3447 435 3518 69,
469 3465 591 3519 pag.
624 3449 920 3507 580-611.
991 3453 1190 3523 (1861.)
2646 3523 2650 3527 ,

485 3537 625 3590 Tota
658 3542 793 3593 haec
826 3539 1222 3607 commentatiO,
1274 3538 1430 3609 cujus
1466 3557 1612 3594 nunc
1646 3540 1898 3610 denique,
1936 3544 2196 3612 opusculo
2232 3557 2351 3597 meo
2388 3541 2458 3596 ad
2498 3541 2672 3597 umbi·

310 3620 311 3623 ’
347 3620 512 3676 licum
564 3636 739 3692 paene
796 3623 1050 3694 adducto,
1106 3625 1263 3694 copia
1306 3625 1437 3679 mihi
1490 3625 1634 3681 facta
1669 3634 1769 3695 est,
1806 3631 2078 3695 permulta
2132 3628 2314 3697 habet,
2374 3641 2512 3695 quae
2550 3642 2673 3681 cum

345 3709 690 3764 temerarium
720 3707 878 3764 illum
914 3709 1112 3766 Devilli
1144 3710 1505 3765 ratiocinandi
1539 3711 1757 3766 modum
1792 3712 2046 3782 refutant,
2099 3721 2215 3769 tum
2248 3713 2335 3781 iis,
2372 3727 2511 3781 quae
2546 3726 2671 3780 ego·

347 3802 458 3850 met
488 3793 890 3869 ipse-exposui,
947 3796 1166 3866 saepius
1199 3798 1274 3852 ad
1307 3797 1534 3867 verbum
1569 3798 1682 3852 fere
1719 3799 2124 3856 adsentiuntur.
2196 3799 2390 3867 Neque
2425 3798 2672 3868 ignotum

347 3878 454 3934 fuit
485 3881 696 3936 auctori
731 3880 1069 3937 subtilissimi
1102 3884 1377 3952 popularis
1414 3899 1569 3953 opus,
1605 3884 1751 3952 quod
1785 3892 1964 3941 tamen
1999 3885 2078 3941 ita
2112 3900 2221 3939 non
2257 3901 2414 3939 suum
2438 3884 2574 3939 facit
2612 3894 2675 3940 ut

347 3964 520 4021 dicat:
584 3965 871 4032 ,D’antres
924 3983 984 4023 se
1044 3975 1168 4023 sont
1199 3969 1302 4025 mis
1338 3985 1408 4026 en
1441 3970 1554 4025 tete
1589 3969 1856 4038 qu’ovide
1890 3971 2036 4026 avait
2069 3971 2157 4026 ete
2193 3985 2346 4025 assez
2386 3969 2671 4040 indiceret,

346 4064 485 4122 pom·
543 4052 806 4124 παριᾶσι·
842 4052 994 4109 Livie
1046 4068 1107 4110 se
1141 4053 1391 4126 baigner3
1427 4055 1564 4110 mais
1616 4071 1686 4111 on
1745 4055 1942 4123 oublie,
1998 4054 2262 4125 qu’Ovide
2315 4056 2470 4124 parle
2540 4056 2673 4112 d’un
