<?xml version="1.0" encoding="UTF-8"?>
<!DOCTYPE html PUBLIC "-//W3C//DTD XHTML 1.0 Transitional//EN"
    "http://www.w3.org/TR/xhtml1/DTD/xhtml1-transitional.dtd">
<html xmlns="http://www.w3.org/1999/xhtml" xml:lang="en" lang="en">
 <head>
  <title>
</title>
<meta http-equiv="Content-Type" content="text/html;charset=utf-8" />
  <meta name='ocr-system' content='tesseract 3.04.00' />
  <meta name='ocr-capabilities' content='ocr_page ocr_carea ocr_par ocr_line ocrx_word'/>
</head>
<body>
  <div class='ocr_page' id='page_1' title='image "./quibusdecausiso00appegoog_0034.png"; bbox 0 0 2950 4492; ppageno 0'>
   <div class='ocr_carea' id='block_1_1' title="bbox 1391 226 1478 292">
    <p class='ocr_par' dir='ltr' id='par_1_1' title="bbox 1391 226 1478 292">
     <span class='ocr_line' id='line_1_1' title="bbox 1391 226 1478 292; baseline -0.023 0"><span class='ocrx_word' id='word_1_1' title='bbox 1391 226 1478 292; x_wconf 85' lang='lat'>30</span> 
     </span>
    </p>
   </div>
   <div class='ocr_carea' id='block_1_2' title="bbox 1248 317 1650 327">
    <p class='ocr_par' dir='ltr' id='par_1_2' title="bbox 1248 317 1650 327">
     <span class='ocr_line' id='line_1_2' title="bbox 1248 317 1650 327; baseline 0 4165"><span class='ocrx_word' id='word_1_2' title='bbox 1248 317 1650 327; x_wconf 95' lang='lat' dir='ltr'> </span> 
     </span>
    </p>
   </div>
   <div class='ocr_carea' id='block_1_3' title="bbox 284 413 2667 4115">
    <p class='ocr_par' dir='ltr' id='par_1_3' title="bbox 371 413 2254 708">
     <span class='ocr_line' id='line_1_3' title="bbox 378 413 2238 503; baseline -0.003 -20"><span class='ocrx_word' id='word_1_3' title='bbox 378 413 695 501; x_wconf 88' lang='lat' dir='ltr'>„Scilicet</span> <span class='ocrx_word' id='word_1_4' title='bbox 738 415 862 481; x_wconf 91' lang='lat' dir='ltr'>hoc</span> <span class='ocrx_word' id='word_1_5' title='bbox 907 415 1053 503; x_wconf 89' lang='lat' dir='ltr'>ipso</span> <span class='ocrx_word' id='word_1_6' title='bbox 1099 438 1274 482; x_wconf 86' lang='lat' dir='ltr'>nunc</span> <span class='ocrx_word' id='word_1_7' title='bbox 1324 439 1542 502; x_wconf 79' lang='lat' dir='ltr'>aequa</span> <span class='ocrx_word' id='word_1_8' title='bbox 1581 414 1762 499; x_wconf 94' lang='lat' dir='ltr'>quod</span> <span class='ocrx_word' id='word_1_9' title='bbox 1809 413 2238 496; x_wconf 57' lang='lat' dir='ltr'>obfuit‘ante,</span> 
     </span>
     <span class='ocr_line' id='line_1_4' title="bbox 539 518 2119 604; baseline -0.003 -20"><span class='ocrx_word' id='word_1_10' title='bbox 539 518 710 584; x_wconf 88' lang='lat' dir='ltr'>Cum</span> <span class='ocrx_word' id='word_1_11' title='bbox 755 540 1012 584; x_wconf 88' lang='lat' dir='ltr'>mecum</span> <span class='ocrx_word' id='word_1_12' title='bbox 1048 518 1263 604; x_wconf 89' lang='lat' dir='ltr'>juncti</span> <span class='ocrx_word' id='word_1_13' title='bbox 1310 518 1598 584; x_wconf 89' lang='lat' dir='ltr'>criminis</span> <span class='ocrx_word' id='word_1_14' title='bbox 1648 524 1795 582; x_wconf 87' lang='lat' dir='ltr'>acta</span> <span class='ocrx_word' id='word_1_15' title='bbox 1840 538 1954 580; x_wconf 87' lang='lat' dir='ltr'>rea</span> <span class='ocrx_word' id='word_1_16' title='bbox 2000 524 2119 588; x_wconf 81' lang='lat' dir='ltr'>est.</span> 
     </span>
     <span class='ocr_line' id='line_1_5' title="bbox 371 619 2254 708; baseline -0.002 -18"><span class='ocrx_word' id='word_1_17' title='bbox 371 624 557 705; x_wconf 85' lang='lat' dir='ltr'>„Non</span> <span class='ocrx_word' id='word_1_18' title='bbox 604 622 908 708; x_wconf 87' lang='lat' dir='ltr'><strong>equidem</strong></span> <span class='ocrx_word' id='word_1_19' title='bbox 954 621 1210 704; x_wconf 89' lang='lat' dir='ltr'>vellem,</span> <span class='ocrx_word' id='word_1_20' title='bbox 1260 622 1570 707; x_wconf 88' lang='lat' dir='ltr'>quoniam</span> <span class='ocrx_word' id='word_1_21' title='bbox 1615 619 1920 685; x_wconf 88' lang='lat' dir='ltr'>nocitura</span> <span class='ocrx_word' id='word_1_22' title='bbox 1962 620 2254 703; x_wconf 84' lang='lat' dir='ltr'>fuerunt,</span> 
     </span>
    </p>

    <p class='ocr_par' dir='ltr' id='par_1_4' title="bbox 540 724 1953 811">
     <span class='ocr_line' id='line_1_6' title="bbox 540 724 1953 811; baseline -0.001 -20"><span class='ocrx_word' id='word_1_23' title='bbox 540 724 879 791; x_wconf 82' lang='lat' dir='ltr'>Pieridum</span> <span class='ocrx_word' id='word_1_24' title='bbox 924 725 1128 790; x_wconf 90' lang='lat' dir='ltr'>sacris</span> <span class='ocrx_word' id='word_1_25' title='bbox 1173 725 1571 811; x_wconf 82' lang='lat' dir='ltr'>imposuisse</span> <span class='ocrx_word' id='word_1_26' title='bbox 1621 725 1953 790; x_wconf 86' lang='lat' dir='ltr'>manum.“</span> 
     </span>
    </p>

    <p class='ocr_par' dir='ltr' id='par_1_5' title="bbox 284 825 2667 3496">
     <span class='ocr_line' id='line_1_7' title="bbox 457 825 2601 914; baseline -0.002 -19"><span class='ocrx_word' id='word_1_27' title='bbox 457 828 609 914; x_wconf 79' lang='lat' dir='ltr'>Quo</span> <span class='ocrx_word' id='word_1_28' title='bbox 653 829 720 894; x_wconf 90' lang='lat' dir='ltr'>in</span> <span class='ocrx_word' id='word_1_29' title='bbox 765 836 941 893; x_wconf 88' lang='lat' dir='ltr'>statu</span> <span class='ocrx_word' id='word_1_30' title='bbox 985 850 1202 893; x_wconf 89' lang='lat' dir='ltr'>rerum</span> <span class='ocrx_word' id='word_1_31' title='bbox 1245 827 1589 914; x_wconf 89' lang='lat' dir='ltr'>probanda</span> <span class='ocrx_word' id='word_1_32' title='bbox 1636 825 1902 912; x_wconf 87' lang='lat' dir='ltr'>quidem</span> <span class='ocrx_word' id='word_1_33' title='bbox 1946 835 2101 893; x_wconf 88' lang='lat' dir='ltr'>sunt</span> <span class='ocrx_word' id='word_1_34' title='bbox 2146 826 2379 908; x_wconf 89' lang='lat' dir='ltr'>omnia,</span> <span class='ocrx_word' id='word_1_35' title='bbox 2429 847 2601 911; x_wconf 87' lang='lat' dir='ltr'>quae</span> 
     </span>
     <span class='ocr_line' id='line_1_8' title="bbox 288 929 2613 1018; baseline -0.002 -18"><span class='ocrx_word' id='word_1_36' title='bbox 288 933 646 1000; x_wconf 85' lang='lat' dir='ltr'>excusandi</span> <span class='ocrx_word' id='word_1_37' title='bbox 693 953 891 997; x_wconf 90' lang='lat' dir='ltr'>causa</span> <span class='ocrx_word' id='word_1_38' title='bbox 934 939 1137 1018; x_wconf 84' lang='lat' dir='ltr'>poeta</span> <span class='ocrx_word' id='word_1_39' title='bbox 1181 929 1404 1012; x_wconf 87' lang='lat' dir='ltr'>affert3</span> <span class='ocrx_word' id='word_1_40' title='bbox 1474 931 1762 996; x_wconf 86' lang='lat' dir='ltr'>attamen</span> <span class='ocrx_word' id='word_1_41' title='bbox 1809 953 2006 1015; x_wconf 89' lang='lat' dir='ltr'>quam</span> <span class='ocrx_word' id='word_1_42' title='bbox 2052 931 2286 996; x_wconf 84' lang='lat' dir='ltr'>noxius</span> <span class='ocrx_word' id='word_1_43' title='bbox 2332 951 2613 996; x_wconf 87' lang='lat' dir='ltr'>nocens-</span> 
     </span>
     <span class='ocr_line' id='line_1_9' title="bbox 287 1031 2608 1124; baseline -0.002 -22"><span class='ocrx_word' id='word_1_44' title='bbox 287 1059 412 1124; x_wconf 87' lang='lat' dir='ltr'>que</span> <span class='ocrx_word' id='word_1_45' title='bbox 447 1038 763 1122; x_wconf 85' lang='lat' dir='ltr'>-Augusto</span> <span class='ocrx_word' id='word_1_46' title='bbox 809 1033 1278 1100; x_wconf 72' lang='lat' dir='ltr'>existimandus</span> <span class='ocrx_word' id='word_1_47' title='bbox 1337 1043 1496 1117; x_wconf 85' lang='lat' dir='ltr'>erat,</span> <span class='ocrx_word' id='word_1_48' title='bbox 1571 1056 1768 1119; x_wconf 90' lang='lat' dir='ltr'>quem</span> <span class='ocrx_word' id='word_1_49' title='bbox 1838 1031 2337 1119; x_wconf 78' lang='lat' dir='ltr'>diligentissime</span> <span class='ocrx_word' id='word_1_50' title='bbox 2408 1041 2608 1118; x_wconf 90' lang='lat' dir='ltr'>atque</span> 
     </span>
     <span class='ocr_line' id='line_1_10' title="bbox 286 1137 2608 1225; baseline -0.002 -20"><span class='ocrx_word' id='word_1_51' title='bbox 286 1138 774 1205; x_wconf 80' lang='lat' dir='ltr'>accuratissime</span> <span class='ocrx_word' id='word_1_52' title='bbox 823 1137 904 1203; x_wconf 92' lang='lat' dir='ltr'>de</span> <span class='ocrx_word' id='word_1_53' title='bbox 950 1137 1217 1225; x_wconf 86' lang='lat' dir='ltr'>flagitiis</span> <span class='ocrx_word' id='word_1_54' title='bbox 1262 1137 1482 1224; x_wconf 87' lang='lat' dir='ltr'>neptis</span> <span class='ocrx_word' id='word_1_55' title='bbox 1530 1137 1879 1202; x_wconf 81' lang='lat' dir='ltr'>certiorem</span> <span class='ocrx_word' id='word_1_56' title='bbox 1925 1137 2171 1201; x_wconf 88' lang='lat' dir='ltr'>factum</span> <span class='ocrx_word' id='word_1_57' title='bbox 2218 1158 2385 1220; x_wconf 85' lang='lat' dir='ltr'>esse,</span> <span class='ocrx_word' id='word_1_58' title='bbox 2448 1159 2608 1201; x_wconf 90' lang='lat' dir='ltr'>con-</span> 
     </span>
     <span class='ocr_line' id='line_1_11' title="bbox 284 1239 2607 1328; baseline -0.002 -19"><span class='ocrx_word' id='word_1_59' title='bbox 284 1250 446 1311; x_wconf 78' lang='lat' dir='ltr'>stat!</span> <span class='ocrx_word' id='word_1_60' title='bbox 517 1241 777 1325; x_wconf 88' lang='lat' dir='ltr'>Nonne,</span> <span class='ocrx_word' id='word_1_61' title='bbox 824 1244 1207 1328; x_wconf 83' lang='lat' dir='ltr'>Augustum,</span> <span class='ocrx_word' id='word_1_62' title='bbox 1242 1262 1545 1306; x_wconf 90' lang='lat' dir='ltr'>severum</span> <span class='ocrx_word' id='word_1_63' title='bbox 1579 1239 2176 1327; x_wconf 87' lang='lat' dir='ltr'>septuagenarium,</span> <span class='ocrx_word' id='word_1_64' title='bbox 2215 1241 2355 1324; x_wconf 79' lang='lat' dir='ltr'>Jam</span> <span class='ocrx_word' id='word_1_65' title='bbox 2414 1241 2607 1326; x_wconf 87' lang='lat' dir='ltr'>igno-</span> 
     </span>
     <span class='ocr_line' id='line_1_12' title="bbox 289 1340 2608 1429; baseline -0 -20"><span class='ocrx_word' id='word_1_66' title='bbox 289 1343 483 1410; x_wconf 89' lang='lat' dir='ltr'>minia</span> <span class='ocrx_word' id='word_1_67' title='bbox 529 1343 860 1427; x_wconf 88' lang='lat' dir='ltr'>afflictum,</span> <span class='ocrx_word' id='word_1_68' title='bbox 910 1367 1041 1429; x_wconf 88' lang='lat' dir='ltr'>qua</span> <span class='ocrx_word' id='word_1_69' title='bbox 1083 1344 1415 1409; x_wconf 89' lang='lat' dir='ltr'>nonnullis</span> <span class='ocrx_word' id='word_1_70' title='bbox 1464 1343 1649 1410; x_wconf 88' lang='lat' dir='ltr'>annis</span> <span class='ocrx_word' id='word_1_71' title='bbox 1698 1352 1893 1408; x_wconf 88' lang='lat' dir='ltr'>antea</span> <span class='ocrx_word' id='word_1_72' title='bbox 1933 1340 2120 1407; x_wconf 83' lang='lat' dir='ltr'>Julia</span> <span class='ocrx_word' id='word_1_73' title='bbox 2162 1343 2296 1407; x_wconf 86' lang='lat' dir='ltr'>filia</span> <span class='ocrx_word' id='word_1_74' title='bbox 2341 1341 2608 1408; x_wconf 89' lang='lat' dir='ltr'>domum</span> 
     </span>
     <span class='ocr_line' id='line_1_13' title="bbox 288 1444 2610 1536; baseline 0 -23"><span class='ocrx_word' id='word_1_75' title='bbox 288 1452 428 1536; x_wconf 87' lang='lat' dir='ltr'>ejus</span> <span class='ocrx_word' id='word_1_76' title='bbox 475 1446 802 1531; x_wconf 74' lang='lat' dir='ltr'>affecerat,</span> <span class='ocrx_word' id='word_1_77' title='bbox 871 1456 1223 1535; x_wconf 85' lang='lat' dir='ltr'>postquam</span> <span class='ocrx_word' id='word_1_78' title='bbox 1266 1471 1506 1513; x_wconf 87' lang='lat' dir='ltr'>novam</span> <span class='ocrx_word' id='word_1_79' title='bbox 1558 1447 1774 1533; x_wconf 87' lang='lat' dir='ltr'>neptis</span> <span class='ocrx_word' id='word_1_80' title='bbox 1830 1444 2223 1532; x_wconf 81' lang='lat' dir='ltr'>pravitatem</span> <span class='ocrx_word' id='word_1_81' title='bbox 2269 1446 2610 1534; x_wconf 81' lang='lat' dir='ltr'>comperit,</span> 
     </span>
     <span class='ocr_line' id='line_1_14' title="bbox 286 1549 2611 1640; baseline -0.002 -22"><span class='ocrx_word' id='word_1_82' title='bbox 286 1562 550 1640; x_wconf 88' lang='lat' dir='ltr'>poetam</span> <span class='ocrx_word' id='word_1_83' title='bbox 601 1550 701 1617; x_wconf 91' lang='lat' dir='ltr'>his</span> <span class='ocrx_word' id='word_1_84' title='bbox 747 1550 1009 1635; x_wconf 86' lang='lat' dir='ltr'>flagitiis</span> <span class='ocrx_word' id='word_1_85' title='bbox 1033 1550 1439 1638; x_wconf 87' lang='lat' dir='ltr'>implicatum</span> <span class='ocrx_word' id='word_1_86' title='bbox 1470 1561 1804 1636; x_wconf 87' lang='lat' dir='ltr'>tamquam</span> <span class='ocrx_word' id='word_1_87' title='bbox 1837 1560 2340 1636; x_wconf 82' lang='lat' dir='ltr'>praeceptorem</span> <span class='ocrx_word' id='word_1_88' title='bbox 2373 1549 2611 1615; x_wconf 88' lang='lat' dir='ltr'>artium</span> 
     </span>
     <span class='ocr_line' id='line_1_15' title="bbox 287 1651 2612 1741; baseline -0.001 -20"><span class='ocrx_word' id='word_1_89' title='bbox 287 1654 745 1721; x_wconf 70' lang='lat' dir='ltr'>amator-iarum</span> <span class='ocrx_word' id='word_1_90' title='bbox 832 1652 1008 1719; x_wconf 90' lang='lat' dir='ltr'>illius</span> <span class='ocrx_word' id='word_1_91' title='bbox 1084 1664 1337 1741; x_wconf 87' lang='lat' dir='ltr'>putare,</span> <span class='ocrx_word' id='word_1_92' title='bbox 1414 1675 1690 1720; x_wconf 88' lang='lat' dir='ltr'>necesse</span> <span class='ocrx_word' id='word_1_93' title='bbox 1765 1653 1949 1720; x_wconf 78' lang='lat' dir='ltr'>erat?</span> <span class='ocrx_word' id='word_1_94' title='bbox 2065 1651 2386 1718; x_wconf 86' lang='lat' dir='ltr'>Profecto</span> <span class='ocrx_word' id='word_1_95' title='bbox 2455 1651 2612 1719; x_wconf 84' lang='lat' dir='ltr'>talia</span> 
     </span>
     <span class='ocr_line' id='line_1_16' title="bbox 287 1753 2611 1846; baseline -0.001 -23"><span class='ocrx_word' id='word_1_96' title='bbox 287 1765 597 1845; x_wconf 87' lang='lat' dir='ltr'>expertus</span> <span class='ocrx_word' id='word_1_97' title='bbox 671 1781 975 1845; x_wconf 82' lang='lat' dir='ltr'>magnam</span> <span class='ocrx_word' id='word_1_98' title='bbox 1046 1766 1304 1846; x_wconf 88' lang='lat' dir='ltr'>partem</span> <span class='ocrx_word' id='word_1_99' title='bbox 1383 1754 1694 1822; x_wconf 87' lang='lat' dir='ltr'>lasciviae</span> <span class='ocrx_word' id='word_1_100' title='bbox 1769 1753 2304 1840; x_wconf 85' lang='lat' dir='ltr'>petulantiaeque</span> <span class='ocrx_word' id='word_1_101' title='bbox 2392 1755 2611 1843; x_wconf 83' lang='lat' dir='ltr'>neptis</span> 
     </span>
     <span class='ocr_line' id='line_1_17' title="bbox 287 1856 2612 1946; baseline -0 -19"><span class='ocrx_word' id='word_1_102' title='bbox 287 1860 531 1927; x_wconf 91' lang='lat' dir='ltr'>Ovidio</span> <span class='ocrx_word' id='word_1_103' title='bbox 566 1863 717 1946; x_wconf 86' lang='lat' dir='ltr'>jure</span> <span class='ocrx_word' id='word_1_104' title='bbox 763 1882 882 1926; x_wconf 91' lang='lat' dir='ltr'>suo</span> <span class='ocrx_word' id='word_1_105' title='bbox 916 1859 1076 1926; x_wconf 86' lang='lat' dir='ltr'>vitio</span> <span class='ocrx_word' id='word_1_106' title='bbox 1109 1861 1307 1925; x_wconf 84' lang='lat' dir='ltr'>vertit</span> <span class='ocrx_word' id='word_1_107' title='bbox 1352 1883 1429 1925; x_wconf 87' lang='lat' dir='ltr'>ac</span> <span class='ocrx_word' id='word_1_108' title='bbox 1462 1860 1774 1943; x_wconf 83' lang='lat' dir='ltr'>majorem</span> <span class='ocrx_word' id='word_1_109' title='bbox 1808 1856 2069 1944; x_wconf 90' lang='lat' dir='ltr'>culpam</span> <span class='ocrx_word' id='word_1_110' title='bbox 2100 1880 2355 1923; x_wconf 90' lang='lat' dir='ltr'>morum</span> <span class='ocrx_word' id='word_1_111' title='bbox 2399 1859 2612 1946; x_wconf 85' lang='lat' dir='ltr'>magis</span> 
     </span>
     <span class='ocr_line' id='line_1_18' title="bbox 287 1960 2616 2050; baseline 0 -22"><span class='ocrx_word' id='word_1_112' title='bbox 287 1961 624 2050; x_wconf 87' lang='lat' dir='ltr'>magisque</span> <span class='ocrx_word' id='word_1_113' title='bbox 698 1963 1054 2030; x_wconf 87' lang='lat' dir='ltr'>labentium</span> <span class='ocrx_word' id='word_1_114' title='bbox 1131 1963 1198 2029; x_wconf 90' lang='lat' dir='ltr'>in</span> <span class='ocrx_word' id='word_1_115' title='bbox 1277 1962 1571 2029; x_wconf 88' lang='lat' dir='ltr'>carmina</span> <span class='ocrx_word' id='word_1_116' title='bbox 1645 1963 1806 2046; x_wconf 78' lang='lat' dir='ltr'>ejus,</span> <span class='ocrx_word' id='word_1_117' title='bbox 1886 1960 2203 2049; x_wconf 88' lang='lat' dir='ltr'>imprimis</span> <span class='ocrx_word' id='word_1_118' title='bbox 2270 1963 2338 2026; x_wconf 89' lang='lat' dir='ltr'>in</span> <span class='ocrx_word' id='word_1_119' title='bbox 2392 1966 2616 2029; x_wconf 88' lang='lat' dir='ltr'>Artem</span> 
     </span>
     <span class='ocr_line' id='line_1_19' title="bbox 287 2064 2608 2152; baseline -0 -21"><span class='ocrx_word' id='word_1_120' title='bbox 287 2065 547 2131; x_wconf 86' lang='lat' dir='ltr'>amandi</span> <span class='ocrx_word' id='word_1_121' title='bbox 592 2065 888 2135; x_wconf 88' lang='lat' dir='ltr'>contulit.</span> <span class='ocrx_word' id='word_1_122' title='bbox 978 2064 1091 2132; x_wconf 86' lang='lat' dir='ltr'>Sic</span> <span class='ocrx_word' id='word_1_123' title='bbox 1139 2087 1400 2152; x_wconf 88' lang='lat' dir='ltr'>quoque</span> <span class='ocrx_word' id='word_1_124' title='bbox 1445 2064 1760 2131; x_wconf 84' lang='lat' dir='ltr'>lascivam</span> <span class='ocrx_word' id='word_1_125' title='bbox 1805 2064 2072 2130; x_wconf 86' lang='lat' dir='ltr'>Musam</span> <span class='ocrx_word' id='word_1_126' title='bbox 2102 2065 2387 2132; x_wconf 86' lang='lat' dir='ltr'>Nasonis</span> <span class='ocrx_word' id='word_1_127' title='bbox 2429 2065 2608 2131; x_wconf 89' lang='lat' dir='ltr'>nullo</span> 
     </span>
     <span class='ocr_line' id='line_1_20' title="bbox 295 2167 2617 2256; baseline 0 -22"><span class='ocrx_word' id='word_1_128' title='bbox 295 2168 495 2235; x_wconf 90' lang='lat' dir='ltr'>modo</span> <span class='ocrx_word' id='word_1_129' title='bbox 526 2168 940 2256; x_wconf 86' lang='lat' dir='ltr'>probaverat,</span> <span class='ocrx_word' id='word_1_130' title='bbox 965 2173 1100 2251; x_wconf 90' lang='lat' dir='ltr'>jam</span> <span class='ocrx_word' id='word_1_131' title='bbox 1134 2193 1312 2253; x_wconf 84' lang='lat' dir='ltr'>vere,</span> <span class='ocrx_word' id='word_1_132' title='bbox 1347 2169 1458 2235; x_wconf 90' lang='lat' dir='ltr'>ubi</span> <span class='ocrx_word' id='word_1_133' title='bbox 1494 2191 1636 2233; x_wconf 83' lang='lat' dir='ltr'>eam</span> <span class='ocrx_word' id='word_1_134' title='bbox 1669 2167 2019 2233; x_wconf 88' lang='lat' dir='ltr'>obscoenis</span> <span class='ocrx_word' id='word_1_135' title='bbox 2053 2168 2269 2255; x_wconf 85' lang='lat' dir='ltr'>neptis</span> <span class='ocrx_word' id='word_1_136' title='bbox 2299 2191 2617 2235; x_wconf 87' lang='lat' dir='ltr'>conexam</span> 
     </span>
     <span class='ocr_line' id='line_1_21' title="bbox 289 2271 2617 2359; baseline 0 -22"><span class='ocrx_word' id='word_1_137' title='bbox 289 2293 434 2338; x_wconf 90' lang='lat' dir='ltr'>esse</span> <span class='ocrx_word' id='word_1_138' title='bbox 481 2272 667 2355; x_wconf 89' lang='lat' dir='ltr'>vidit,</span> <span class='ocrx_word' id='word_1_139' title='bbox 735 2294 868 2337; x_wconf 89' lang='lat' dir='ltr'>non</span> <span class='ocrx_word' id='word_1_140' title='bbox 938 2271 1299 2355; x_wconf 87' lang='lat' dir='ltr'>dubitabat,</span> <span class='ocrx_word' id='word_1_141' title='bbox 1357 2295 1633 2359; x_wconf 86' lang='lat' dir='ltr'>arguere</span> <span class='ocrx_word' id='word_1_142' title='bbox 1680 2279 1967 2357; x_wconf 88' lang='lat' dir='ltr'>poetam,</span> <span class='ocrx_word' id='word_1_143' title='bbox 2039 2271 2214 2355; x_wconf 90' lang='lat' dir='ltr'>quod</span> <span class='ocrx_word' id='word_1_144' title='bbox 2263 2273 2428 2337; x_wconf 87' lang='lat' dir='ltr'>Arte</span> <span class='ocrx_word' id='word_1_145' title='bbox 2493 2292 2617 2338; x_wconf 88' lang='lat' dir='ltr'>sua</span> 
     </span>
     <span class='ocr_line' id='line_1_22' title="bbox 288 2373 2615 2461; baseline 0.001 -21"><span class='ocrx_word' id='word_1_146' title='bbox 288 2373 680 2461; x_wconf 68' lang='lat' dir='ltr'>adulterium</span> <span class='ocrx_word' id='word_1_147' title='bbox 771 2373 1124 2445; x_wconf 85' lang='lat' dir='ltr'>docuisset.</span> <span class='ocrx_word' id='word_1_148' title='bbox 1211 2373 1569 2440; x_wconf 87' lang='lat' dir='ltr'>Suetonius</span> <span class='ocrx_word' id='word_1_149' title='bbox 1661 2374 1743 2440; x_wconf 90' lang='lat' dir='ltr'>de</span> <span class='ocrx_word' id='word_1_150' title='bbox 1789 2378 2084 2460; x_wconf 87' lang='lat' dir='ltr'>Augusto</span> <span class='ocrx_word' id='word_1_151' title='bbox 2140 2375 2222 2459; x_wconf 88' lang='lat' dir='ltr'>(c.</span> <span class='ocrx_word' id='word_1_152' title='bbox 2272 2375 2384 2461; x_wconf 85' lang='lat'>60)</span> <span class='ocrx_word' id='word_1_153' title='bbox 2448 2374 2615 2442; x_wconf 87' lang='lat' dir='ltr'>haec</span> 
     </span>
     <span class='ocr_line' id='line_1_23' title="bbox 289 2476 2614 2564; baseline 0.001 -21"><span class='ocrx_word' id='word_1_154' title='bbox 289 2476 496 2543; x_wconf 84' lang='lat' dir='ltr'>verba</span> <span class='ocrx_word' id='word_1_155' title='bbox 566 2476 792 2545; x_wconf 78' lang='lat' dir='ltr'>habet:</span> <span class='ocrx_word' id='word_1_156' title='bbox 881 2477 1255 2563; x_wconf 88' lang='lat' dir='ltr'>„aliquanto</span> <span class='ocrx_word' id='word_1_157' title='bbox 1332 2486 1553 2544; x_wconf 88' lang='lat' dir='ltr'>autem</span> <span class='ocrx_word' id='word_1_158' title='bbox 1627 2477 1984 2564; x_wconf 86' lang='lat' dir='ltr'>patientius</span> <span class='ocrx_word' id='word_1_159' title='bbox 2062 2488 2341 2542; x_wconf 87' lang='lat' dir='ltr'>mortem</span> <span class='ocrx_word' id='word_1_160' title='bbox 2416 2501 2614 2564; x_wconf 87' lang='lat' dir='ltr'>quam</span> 
     </span>
     <span class='ocr_line' id='line_1_24' title="bbox 289 2579 2614 2667; baseline 0 -21"><span class='ocrx_word' id='word_1_161' title='bbox 289 2579 624 2646; x_wconf 87' lang='lat' dir='ltr'>dedecora</span> <span class='ocrx_word' id='word_1_162' title='bbox 666 2596 935 2645; x_wconf 84' lang='lat' dir='ltr'>suorum</span> <span class='ocrx_word' id='word_1_163' title='bbox 979 2580 1191 2647; x_wconf 84' lang='lat' dir='ltr'>tulit.“</span> <span class='ocrx_word' id='word_1_164' title='bbox 1296 2580 1476 2665; x_wconf 78' lang='lat' dir='ltr'>Quid</span> <span class='ocrx_word' id='word_1_165' title='bbox 1531 2581 1733 2664; x_wconf 83' lang='lat' dir='ltr'>igitur</span> <span class='ocrx_word' id='word_1_166' title='bbox 1775 2579 2201 2667; x_wconf 86' lang='lat' dir='ltr'>probabilius,</span> <span class='ocrx_word' id='word_1_167' title='bbox 2261 2603 2456 2667; x_wconf 86' lang='lat' dir='ltr'>quam</span> <span class='ocrx_word' id='word_1_168' title='bbox 2511 2581 2614 2649; x_wconf 88' lang='lat' dir='ltr'>in-</span> 
     </span>
     <span class='ocr_line' id='line_1_25' title="bbox 291 2682 2667 2772; baseline 0.001 -24"><span class='ocrx_word' id='word_1_169' title='bbox 291 2702 560 2752; x_wconf 88' lang='lat' dir='ltr'>censum</span> <span class='ocrx_word' id='word_1_170' title='bbox 607 2705 756 2748; x_wconf 89' lang='lat' dir='ltr'>eum</span> <span class='ocrx_word' id='word_1_171' title='bbox 798 2683 1001 2749; x_wconf 82' lang='lat' dir='ltr'>fuisse</span> <span class='ocrx_word' id='word_1_172' title='bbox 1057 2683 1157 2749; x_wconf 89' lang='lat' dir='ltr'>ira</span> <span class='ocrx_word' id='word_1_173' title='bbox 1203 2682 1444 2767; x_wconf 89' lang='lat' dir='ltr'>Ovidii,</span> <span class='ocrx_word' id='word_1_174' title='bbox 1494 2684 1740 2771; x_wconf 89' lang='lat' dir='ltr'>quippe</span> <span class='ocrx_word' id='word_1_175' title='bbox 1796 2706 1989 2768; x_wconf 86' lang='lat' dir='ltr'>quem</span> <span class='ocrx_word' id='word_1_176' title='bbox 2037 2685 2255 2770; x_wconf 86' lang='lat' dir='ltr'>aliqua</span> <span class='ocrx_word' id='word_1_177' title='bbox 2301 2707 2381 2750; x_wconf 86' lang='lat' dir='ltr'>ex</span> <span class='ocrx_word' id='word_1_178' title='bbox 2426 2696 2617 2772; x_wconf 86' lang='lat' dir='ltr'>parte</span> <span class='ocrx_word' id='word_1_179' title='bbox 2662 2710 2667 2715; x_wconf 93' lang='lat'><strong>·</strong></span> 
     </span>
     <span class='ocr_line' id='line_1_26' title="bbox 290 2785 2619 2876; baseline 0.001 -23"><span class='ocrx_word' id='word_1_180' title='bbox 290 2794 627 2853; x_wconf 86' lang='lat' dir='ltr'>auctorem</span> <span class='ocrx_word' id='word_1_181' title='bbox 681 2786 855 2853; x_wconf 88' lang='lat' dir='ltr'>illius</span> <span class='ocrx_word' id='word_1_182' title='bbox 914 2785 1256 2853; x_wconf 89' lang='lat' dir='ltr'>dedecoris</span> <span class='ocrx_word' id='word_1_183' title='bbox 1302 2795 1599 2873; x_wconf 84' lang='lat' dir='ltr'>putaret!</span> <span class='ocrx_word' id='word_1_184' title='bbox 1672 2785 1755 2850; x_wconf 92' lang='lat' dir='ltr'>Id</span> <span class='ocrx_word' id='word_1_185' title='bbox 1788 2787 1964 2871; x_wconf 87' lang='lat' dir='ltr'>quod</span> <span class='ocrx_word' id='word_1_186' title='bbox 2011 2796 2213 2874; x_wconf 85' lang='lat' dir='ltr'>poeta</span> <span class='ocrx_word' id='word_1_187' title='bbox 2255 2788 2398 2876; x_wconf 88' lang='lat' dir='ltr'>ipse</span> <span class='ocrx_word' id='word_1_188' title='bbox 2442 2787 2619 2855; x_wconf 91' lang='lat' dir='ltr'>haud</span> 
     </span>
     <span class='ocr_line' id='line_1_27' title="bbox 289 2888 2620 2977; baseline 0.001 -23"><span class='ocrx_word' id='word_1_189' title='bbox 289 2888 637 2976; x_wconf 80' lang='lat' dir='ltr'>ignorabat</span> <span class='ocrx_word' id='word_1_190' title='bbox 657 2915 675 2971; x_wconf 85' lang='lat'><em>3</em></span> <span class='ocrx_word' id='word_1_191' title='bbox 725 2913 823 2972; x_wconf 87' lang='lat' dir='ltr'>ac,</span> <span class='ocrx_word' id='word_1_192' title='bbox 867 2914 948 2955; x_wconf 89' lang='lat' dir='ltr'>ne</span> <span class='ocrx_word' id='word_1_193' title='bbox 984 2890 1199 2975; x_wconf 87' lang='lat' dir='ltr'>vitam,</span> <span class='ocrx_word' id='word_1_194' title='bbox 1233 2892 1559 2972; x_wconf 59' lang='lat' dir='ltr'>fortunam,</span> <span class='ocrx_word' id='word_1_195' title='bbox 1595 2889 1925 2955; x_wconf 84' lang='lat' dir='ltr'>civitatem</span> <span class='ocrx_word' id='word_1_196' title='bbox 1957 2891 2287 2977; x_wconf 86' lang='lat' dir='ltr'>perderet,</span> <span class='ocrx_word' id='word_1_197' title='bbox 2320 2914 2449 2957; x_wconf 92' lang='lat' dir='ltr'>non</span> <span class='ocrx_word' id='word_1_198' title='bbox 2479 2892 2620 2958; x_wconf 90' lang='lat' dir='ltr'>sine</span> 
     </span>
     <span class='ocr_line' id='line_1_28' title="bbox 289 2991 2622 3082; baseline 0.002 -25"><span class='ocrx_word' id='word_1_199' title='bbox 289 2991 426 3057; x_wconf 88' lang='lat' dir='ltr'>ulla</span> <span class='ocrx_word' id='word_1_200' title='bbox 472 2992 878 3058; x_wconf 85' lang='lat' dir='ltr'>conscientia</span> <span class='ocrx_word' id='word_1_201' title='bbox 935 2993 1168 3082; x_wconf 88' lang='lat' dir='ltr'>culpae</span> <span class='ocrx_word' id='word_1_202' title='bbox 1241 2992 1596 3062; x_wconf 82' lang='lat' dir='ltr'>metuebat.</span> <span class='ocrx_word' id='word_1_203' title='bbox 1682 2992 1954 3059; x_wconf 85' lang='lat' dir='ltr'>Poterat</span> <span class='ocrx_word' id='word_1_204' title='bbox 2018 2993 2281 3079; x_wconf 91' lang='lat' dir='ltr'>quidem</span> <span class='ocrx_word' id='word_1_205' title='bbox 2349 2996 2622 3062; x_wconf 87' lang='lat' dir='ltr'>crimina</span> 
     </span>
     <span class='ocr_line' id='line_1_29' title="bbox 290 3088 2620 3185; baseline 0.002 -24"><span class='ocrx_word' id='word_1_206' title='bbox 290 3117 414 3161; x_wconf 85' lang='lat' dir='ltr'>sua</span> <span class='ocrx_word' id='word_1_207' title='bbox 465 3088 820 3177; x_wconf 61' lang='lat' dir='ltr'>ex&#39;cusarc3</span> <span class='ocrx_word' id='word_1_208' title='bbox 888 3098 1083 3164; x_wconf 83' lang='lat' dir='ltr'>etiam</span> <span class='ocrx_word' id='word_1_209' title='bbox 1149 3096 1493 3185; x_wconf 88' lang='lat' dir='ltr'>probanda</span> <span class='ocrx_word' id='word_1_210' title='bbox 1565 3105 1719 3163; x_wconf 88' lang='lat' dir='ltr'>sunt</span> <span class='ocrx_word' id='word_1_211' title='bbox 1784 3100 2015 3179; x_wconf 86' lang='lat' dir='ltr'>omnia,</span> <span class='ocrx_word' id='word_1_212' title='bbox 2094 3120 2261 3182; x_wconf 88' lang='lat' dir='ltr'>quae</span> <span class='ocrx_word' id='word_1_213' title='bbox 2307 3098 2373 3163; x_wconf 90' lang='lat' dir='ltr'>in</span> <span class='ocrx_word' id='word_1_214' title='bbox 2417 3098 2620 3168; x_wconf 89' lang='lat' dir='ltr'>Trist.</span> 
     </span>
     <span class='ocr_line' id='line_1_30' title="bbox 289 3196 2617 3288; baseline 0.003 -27"><span class='ocrx_word' id='word_1_215' title='bbox 289 3197 403 3266; x_wconf 90' lang='lat' dir='ltr'>lib.</span> <span class='ocrx_word' id='word_1_216' title='bbox 436 3196 527 3268; x_wconf 80' lang='lat' dir='ltr'>II.</span> <span class='ocrx_word' id='word_1_217' title='bbox 551 3199 621 3263; x_wconf 87' lang='lat' dir='ltr'>in</span> <span class='ocrx_word' id='word_1_218' title='bbox 646 3201 879 3265; x_wconf 87' lang='lat' dir='ltr'>Artem</span> <span class='ocrx_word' id='word_1_219' title='bbox 906 3201 1288 3267; x_wconf 87' lang='lat' dir='ltr'>amatoriam</span> <span class='ocrx_word' id='word_1_220' title='bbox 1315 3198 1795 3266; x_wconf 87' lang='lat' dir='ltr'>defendendam</span> <span class='ocrx_word' id='word_1_221' title='bbox 1824 3200 2044 3281; x_wconf 80' lang='lat' dir='ltr'>affert3</span> <span class='ocrx_word' id='word_1_222' title='bbox 2075 3209 2337 3288; x_wconf 83' lang='lat' dir='ltr'>poterat</span> <span class='ocrx_word' id='word_1_223' title='bbox 2362 3200 2617 3272; x_wconf 71' lang='lat' dir='ltr'>dicere:</span> 
     </span>
     <span class='ocr_line' id='line_1_31' title="bbox 294 3304 2619 3394; baseline 0.002 -29"><span class='ocrx_word' id='word_1_224' title='bbox 294 3309 819 3388; x_wconf 86' lang='lat' dir='ltr'>„peccatumque</span> <span class='ocrx_word' id='word_1_225' title='bbox 894 3304 1122 3371; x_wconf 89' lang='lat' dir='ltr'>oculos</span> <span class='ocrx_word' id='word_1_226' title='bbox 1199 3314 1303 3371; x_wconf 90' lang='lat' dir='ltr'>est</span> <span class='ocrx_word' id='word_1_227' title='bbox 1374 3304 1680 3369; x_wconf 88' lang='lat' dir='ltr'>habuisse</span> <span class='ocrx_word' id='word_1_228' title='bbox 1750 3309 2040 3383; x_wconf 80' lang='lat' dir='ltr'>meum3“</span> <span class='ocrx_word' id='word_1_229' title='bbox 2115 3326 2329 3394; x_wconf 86' lang='lat' dir='ltr'>neque</span> <span class='ocrx_word' id='word_1_230' title='bbox 2398 3313 2619 3371; x_wconf 84' lang='lat' dir='ltr'>tamen</span> 
     </span>
     <span class='ocr_line' id='line_1_32' title="bbox 294 3404 1447 3496; baseline 0.003 -27"><span class='ocrx_word' id='word_1_231' title='bbox 294 3427 552 3470; x_wconf 87' lang='lat' dir='ltr'>omnem</span> <span class='ocrx_word' id='word_1_232' title='bbox 587 3404 850 3493; x_wconf 90' lang='lat' dir='ltr'>culpam</span> <span class='ocrx_word' id='word_1_233' title='bbox 882 3431 1123 3495; x_wconf 88' lang='lat' dir='ltr'>negare</span> <span class='ocrx_word' id='word_1_234' title='bbox 1155 3418 1447 3496; x_wconf 85' lang='lat' dir='ltr'>poterat:</span> 
     </span>
    </p>

    <p class='ocr_par' dir='ltr' id='par_1_6' title="bbox 378 3510 2389 3802">
     <span class='ocr_line' id='line_1_33' title="bbox 553 3510 2389 3597; baseline 0.002 -23"><span class='ocrx_word' id='word_1_235' title='bbox 553 3510 745 3592; x_wconf 90' lang='lat' dir='ltr'>„Non</span> <span class='ocrx_word' id='word_1_236' title='bbox 786 3519 979 3596; x_wconf 88' lang='lat' dir='ltr'>potes</span> <span class='ocrx_word' id='word_1_237' title='bbox 1013 3511 1281 3597; x_wconf 89' lang='lat' dir='ltr'>(inquit)</span> <span class='ocrx_word' id='word_1_238' title='bbox 1331 3535 1413 3594; x_wconf 83' lang='lat' dir='ltr'>„a</span> <span class='ocrx_word' id='word_1_239' title='bbox 1445 3511 1643 3597; x_wconf 90' lang='lat' dir='ltr'>culpa</span> <span class='ocrx_word' id='word_1_240' title='bbox 1687 3510 1926 3594; x_wconf 88' lang='lat' dir='ltr'>dicere,</span> <span class='ocrx_word' id='word_1_241' title='bbox 1976 3510 2208 3577; x_wconf 87' lang='lat' dir='ltr'>abesse</span> <span class='ocrx_word' id='word_1_242' title='bbox 2259 3521 2389 3592; x_wconf 89' lang='lat' dir='ltr'>tua,</span> 
     </span>
     <span class='ocr_line' id='line_1_34' title="bbox 378 3609 2231 3702; baseline 0.003 -26"><span class='ocrx_word' id='word_1_243' title='bbox 378 3610 526 3695; x_wconf 84' lang='lat' dir='ltr'>„Tu</span> <span class='ocrx_word' id='word_1_244' title='bbox 569 3609 729 3677; x_wconf 89' lang='lat' dir='ltr'>licet</span> <span class='ocrx_word' id='word_1_245' title='bbox 774 3615 1012 3681; x_wconf 87' lang='lat' dir='ltr'>erroris</span> <span class='ocrx_word' id='word_1_246' title='bbox 1059 3615 1180 3681; x_wconf 90' lang='lat' dir='ltr'>sub</span> <span class='ocrx_word' id='word_1_247' title='bbox 1226 3615 1511 3702; x_wconf 87' lang='lat' dir='ltr'>imagine</span> <span class='ocrx_word' id='word_1_248' title='bbox 1560 3616 1804 3681; x_wconf 90' lang='lat' dir='ltr'>crimen</span> <span class='ocrx_word' id='word_1_249' title='bbox 1856 3615 2231 3697; x_wconf 87' lang='lat' dir='ltr'>obumbres,</span> 
     </span>
     <span class='ocr_line' id='line_1_35' title="bbox 553 3717 1991 3802; baseline 0.005 -20"><span class='ocrx_word' id='word_1_250' title='bbox 553 3717 701 3782; x_wconf 85' lang='lat' dir='ltr'>Non</span> <span class='ocrx_word' id='word_1_251' title='bbox 746 3717 1009 3802; x_wconf 84' lang='lat' dir='ltr'>gravior</span> <span class='ocrx_word' id='word_1_252' title='bbox 1053 3717 1286 3783; x_wconf 88' lang='lat' dir='ltr'>merito</span> <span class='ocrx_word' id='word_1_253' title='bbox 1333 3719 1610 3785; x_wconf 88' lang='lat' dir='ltr'>vindicis</span> <span class='ocrx_word' id='word_1_254' title='bbox 1657 3720 1754 3784; x_wconf 91' lang='lat' dir='ltr'>ira</span> <span class='ocrx_word' id='word_1_255' title='bbox 1802 3718 1991 3789; x_wconf 81' lang='lat' dir='ltr'>suit.“</span> 
     </span>
    </p>

    <p class='ocr_par' dir='ltr' id='par_1_7' title="bbox 294 3818 2621 4115">
     <span class='ocr_line' id='line_1_36' title="bbox 463 3818 2620 3909; baseline 0.002 -26"><span class='ocrx_word' id='word_1_256' title='bbox 463 3818 701 3903; x_wconf 89' lang='lat' dir='ltr'>Itaque</span> <span class='ocrx_word' id='word_1_257' title='bbox 766 3820 1190 3905; x_wconf 87' lang='lat' dir='ltr'>ignominiam</span> <span class='ocrx_word' id='word_1_258' title='bbox 1267 3822 1698 3887; x_wconf 84' lang='lat' dir='ltr'>domesticam</span> <span class='ocrx_word' id='word_1_259' title='bbox 1769 3827 2063 3909; x_wconf 88' lang='lat' dir='ltr'>Augusto</span> <span class='ocrx_word' id='word_1_260' title='bbox 2134 3844 2281 3888; x_wconf 87' lang='lat' dir='ltr'>esse</span> <span class='ocrx_word' id='word_1_261' title='bbox 2388 3822 2620 3887; x_wconf 80' lang='lat' dir='ltr'>vulnus</span> 
     </span>
     <span class='ocr_line' id='line_1_37' title="bbox 294 3920 2620 4013; baseline 0.003 -29"><span class='ocrx_word' id='word_1_262' title='bbox 294 3920 656 3986; x_wconf 85' lang='lat' dir='ltr'>insanabile</span> <span class='ocrx_word' id='word_1_263' title='bbox 701 3923 1014 4006; x_wconf 87' lang='lat' dir='ltr'>sentiens,</span> <span class='ocrx_word' id='word_1_264' title='bbox 1062 3947 1393 4009; x_wconf 85' lang='lat' dir='ltr'>nunquam</span> <span class='ocrx_word' id='word_1_265' title='bbox 1438 3936 1673 4011; x_wconf 82' lang='lat' dir='ltr'>postea</span> <span class='ocrx_word' id='word_1_266' title='bbox 1720 3925 1913 3990; x_wconf 84' lang='lat' dir='ltr'>nimis</span> <span class='ocrx_word' id='word_1_267' title='bbox 1958 3927 2309 4013; x_wconf 87' lang='lat' dir='ltr'>perspicue</span> <span class='ocrx_word' id='word_1_268' title='bbox 2357 3925 2466 3991; x_wconf 88' lang='lat' dir='ltr'>vel</span> <span class='ocrx_word' id='word_1_269' title='bbox 2510 3926 2620 3991; x_wconf 88' lang='lat' dir='ltr'>in·-</span> 
     </span>
     <span class='ocr_line' id='line_1_38' title="bbox 297 4023 2621 4115; baseline 0.003 -26"><span class='ocrx_word' id='word_1_270' title='bbox 297 4025 669 4092; x_wconf 85' lang='lat' dir='ltr'>verecunde</span> <span class='ocrx_word' id='word_1_271' title='bbox 718 4023 913 4093; x_wconf 86' lang='lat' dir='ltr'>dictis</span> <span class='ocrx_word' id='word_1_272' title='bbox 957 4024 1120 4091; x_wconf 88' lang='lat' dir='ltr'>illud</span> <span class='ocrx_word' id='word_1_273' title='bbox 1163 4028 1469 4093; x_wconf 86' lang='lat' dir='ltr'>refricare</span> <span class='ocrx_word' id='word_1_274' title='bbox 1517 4050 1715 4093; x_wconf 89' lang='lat' dir='ltr'>ausus</span> <span class='ocrx_word' id='word_1_275' title='bbox 1762 4037 1893 4115; x_wconf 83' lang='lat' dir='ltr'>est3</span> <span class='ocrx_word' id='word_1_276' title='bbox 1960 4051 2130 4109; x_wconf 86' lang='lat' dir='ltr'>„nou</span> <span class='ocrx_word' id='word_1_277' title='bbox 2197 4051 2344 4095; x_wconf 86' lang='lat' dir='ltr'>sum</span> <span class='ocrx_word' id='word_1_278' title='bbox 2387 4029 2621 4114; x_wconf 85' lang='lat' dir='ltr'>tanti“,</span> 
     </span>
    </p>
   </div>
  </div>
 </body>
</html>
