2950 4492
1455 264 1536 328 27

340 442 626 516 mortu03
675 435 914 501 etenim
952 430 1089 523 jam
1136 435 1200 501 in
1236 435 1517 523 epistola
1560 444 1746 501 sexta
1791 434 1937 500 libri
1973 432 2091 501 IV.
2141 432 2208 498 hi
2239 433 2654 521 reperiuntur

337 557 564 604 versus
581 563 596 603 ε

337 647 397 688 v.
447 624 545 691 15.

423 727 808 815 „Coeperat
852 727 1196 819 Augustus
1243 726 1565 814 deceptae
1610 729 1958 815 ignoscere
2007 728 2242 814 culpae

592 828 797 919 Spem
843 838 1135 896 nostram
1182 839 1392 896 terras
1441 830 1863 916 deseruitque
1911 829 2166 914 simul,“

336 940 532 1020 atque
576 932 795 1020 Epist.
839 931 955 1004 IV.
1003 936 1064 1016 9,
1115 932 1257 1000 107.

423 1033 659 1118 „Stant
704 1014 948 1124 pariter
993 1043 1317 1121 natusque
1363 1037 1512 1123 pius
1560 1041 1929 1124 conjuxque
1976 1035 2289 1102 sacerdos

589 1139 871 1207 Numina
906 1130 1045 1224 jam
1093 1140 1266 1204 facto
1311 1163 1441 1204 non
1490 1140 1740 1205 leviora
1781 1139 1994 1204 Deo.‘4
2294 1138 2651 1224 (Augusto)

507 1241 660 1308 Jam
709 1242 766 1309 si
809 1249 1090 1322 constat,
1136 1243 1510 1329 Augustum
1580 1242 1821 1307 obiisse
1868 1264 2094 1306 mense
2139 1244 2434 1328 Augusto
2503 1240 2655 1306 anni

335 1338 536 1414 le,
577 1370 641 1432 p.
690 1344 846 1414 Chr.
888 1354 1046 1433 nat,
1091 1354 1276 1410 sexta
1321 1344 1432 1410 illa
1481 1354 1695 1410 aestas
1753 1342 1963 1410 exsilii
2013 1345 2165 1410 anni
2211 1343 2369 1423 XV,
2438 1364 2653 1428 neque

332 1449 535 1535 prior,
581 1450 744 1536 fuit3
791 1448 952 1514 dicit
998 1448 1168 1513 enim
1217 1454 1414 1534 poeta
1457 1446 1671 1530 Epist.
1718 1445 1841 1514 IV.
1892 1450 1991 1529 11,
2039 1450 2151 1515 15:

418 1550 640 1634 „Dum
684 1559 800 1617 tua
841 1550 1165 1638 pervenit,
1211 1549 1363 1613 dum
1409 1549 1603 1616 litera
1648 1558 1875 1616 nostra
1920 1570 2294 1616 recurrens«

594 1652 727 1719 Tot
771 1653 976 1719 maria
1022 1674 1100 1720 ac
1148 1661 1360 1719 terras
1405 1660 1725 1739 permeat,
1772 1675 2033 1719 annus
2080 1652 2312 1718 abit.“

499 1755 726 1822 Prima
790 1755 994 1842 igitur
1020 1762 1280 1838 „aestas
1352 1776 1547 1841 quam
1596 1753 1877 1822 Ovidius
1947 1755 2124 1844 apud
2172 1754 2381 1821 Getas
2452 1753 2655 1840 degit,

335 1859 488 1925 anni
530 1857 601 1926 X
647 1860 848 1925 suerit
891 1878 1164 1925 necesse
1214 1865 1331 1923 est.
1425 1857 1673 1924 Tomos
1734 1859 1859 1923 iter
1919 1858 2120 1924 fuisse
2167 1867 2463 1945 tempore
2519 1855 2656 1923 hie-

332 1946 506 2030 mali,
552 1967 634 2011 ex
681 1945 894 2032 elegia
940 1944 1290 2010 undecima
1334 1943 1444 2013 lib.
1478 1943 1515 2008 1
1547 1954 1845 2031 apparet,
1890 1945 1985 2010 ita
2027 1954 2101 2011 ut
2145 1943 2465 2037 relegatio
2511 1942 2659 2031 ipsa

334 2049 710 2114 necessario
777 2045 1030 2112 incidat
1094 2046 1157 2111 in
1228 2054 1648 2112 auctumnum
1709 2047 1856 2110 anni
1903 2046 2033 2130 IX,
2101 2047 2205 2113 cui
2274 2046 2366 2111 rei
2438 2054 2660 2112 cetera

337 2150 575 2234 omnia,
622 2171 790 2237 quae
838 2149 1028 2215 affert
1070 2158 1289 2238 poeta,
1334 2157 1635 2237 tempora
1681 2158 2069 2236 congruunt.
2155 2149 2397 2214 Errant
2439 2148 2655 2235 igitur,

332 2254 443 2343 qui
507 2276 658 2335 eam,
718 2275 891 2319 anno
952 2251 1085 2318 VII
1147 2261 1260 2318 aut
1307 2251 1481 2318 VIII
1547 2252 1912 2340 relegatum
1979 2253 2223 2318 volunt.
2316 2254 2411 2320 De
2478 2252 2658 2318 Julia

333 2364 574 2440 autem,
597 2364 796 2444 nepte
814 2355 1119 2442 Augusti,
1146 2355 1311 2421 haec
1338 2363 1599 2421 enarrat
1642 2355 1913 2420 Tacitus
1947 2355 2155 2422 annal.
2182 2355 2292 2426 lib.
2317 2354 2430 2422 IV.
2461 2378 2515 2423 c.
2542 2357 2657 2422 712

502 2459 678 2542 „Per
721 2459 894 2525 idem
940 2466 1203 2544 tempus
1237 2461 1483 2544 („anno
1516 2457 1843 2525 XXVIII.
1878 2457 2082 2523 Junio
2128 2456 2354 2524 Silano
2387 2467 2453 2524 et
2489 2455 2655 2525 Silio

340 2563 567 2655 Nerva
615 2561 1041 2628 consulibus“
1110 2560 1634 2633 subaudiendum
1701 2562 1829 2646 est)
1874 2560 2057 2626 Julia
2121 2569 2398 2627 mortem
2467 2561 2658 2646 obiit3

333 2684 528 2752 quam
575 2672 840 2753 neptem
878 2665 1219 2753 Augustus
1269 2656 1635 2730 convictam
1685 2663 1985 2729 adulterii
2027 2654 2458 2730 damnaverat
2500 2686 2658 2752 pro-

329 2770 710 2853 jeceratque
743 2769 809 2833 in
844 2768 1118 2852 insulam
1154 2767 1545 2850 Trimerum,
1590 2767 1764 2832 haud
1790 2768 2027 2855 ‘procul
2061 2767 2300 2855 Apulis
2331 2768 2656 2841 litoribus.

333 2864 477 2937 Illic
509 2870 813 2957 viginti
847 2893 1050 2936 annos
1085 2871 1383 2936 exsilium
1418 2870 1786 2942 toleravit.“
1843 2869 1890 2935 J
1894 2895 1994 2935 am
2029 2870 2083 2936 si
2116 2893 2320 2936 annus
2339 2869 2659 2937 XXVIII

334 2971 878 3040 vicesimus-erat
925 2972 1136 3040 exsilii
1183 2971 1428 3056 Juliae,
1495 2975 1776 3061 primum
1831 2972 2044 3038 fuisse
2093 2971 2369 3038 eundem
2419 2997 2657 3039 annum

328 3070 436 3139 IX
483 3086 778 3163 apparet.

495 3176 708 3265 Ergo
746 3180 1027 3266 quivis
1062 3203 1364 3249 mec-um
1400 3178 1907 3262 consentiet,
1943 3179 2305 3247 Ovidium
2339 3186 2657 3266 poetam

321 3300 408 3344 ac
496 3279 804 3346 Juliam
891 3289 1210 3368 neptem
1288 3280 1562 3347 eodem
1638 3305 1841 3348 anno
1924 3280 2050 3352 IX.
2125 3281 2201 3346 in
2281 3282 2654 3349 exsilium

316 3381 610 3449 missos
656 3406 855 3456 esse.

488 3485 583 3550 At
626 3486 1033 3554 redeundum
1081 3486 1164 3552 ad
1211 3486 1649 3574 propositum.

483 3585 803 3676 Legimus
867 3589 1043 3678 apud
1104 3589 1386 3657 Dionem
1446 3589 1743 3658 Cassium
1790 3589 1923 3656 LV.
1976 3614 2028 3660 c.
2077 3592 2196 3656 1οε
2272 3588 2395 3674 τὴν
2435 3596 2659 3675 μέντοι

305 3686 584 3767 Ἰουλίαν
650 3691 776 3773 τὴν
830 3697 1172 3780 θυγατέρα
1219 3692 1744 3780 ἀσελγαίνουσαν
1804 3692 2022 3771 οὕτως,
2085 3690 2239 3771 ὥςτε
2296 3697 2404 3761 καὶ
2458 3701 2528 3760 ἐν
2576 3695 2656 3789 τῇ

309 3789 532 3880 ἀγορᾷ
572 3798 685 3862 καὶ
732 3799 830 3863 ὄπ’
864 3796 1076 3864 αὐτοῦ
1122 3822 1191 3881 γε
1228 3797 1345 3864 τοῦ
1386 3795 1693 3883 βήματος
1737 3802 1845 3864 καὶ
1890 3795 2496 3884 κωμάζειν,νύκτωρ
2538 3802 2654 3864 καὶ

307 3898 676 3982 συμπίνειν,
705 3894 837 3988 ὀψὲ
869 3897 954 3981 δή
979 3924 1137 3967 ποτε
1170 3897 1493 3990 φωράσας
1539 3897 2054 3987 ὑπερωργίσθη’·
2105 3908 2301 3984 atque
2349 3922 2425 3965 ea
2469 3901 2657 3986 quasi

310 3997 735 4066 illustrantur
768 4001 880 4069 his
935 4001 1155 4069 verbis
1203 3999 1501 4069 Senecae
1549 4002 1665 4088 (de
1714 4002 2004 4069 benefic.
2058 4000 2170 4069 VI.
2222 4025 2275 4072 c.
2325 4003 2465 4088 32):
2517 4003 2646 4086 „ad
