2950 4492
1490 239 1568 304 11

536 409 744 497 Ergo
792 408 1012 475 nullo
1056 409 1283 476 modo
1331 417 1453 474 est
1496 410 1802 491 mirum,
1848 409 2058 494 qnod
2104 409 2196 474 de
2230 431 2503 476 errore
2533 408 2691 478 Na.-

363 510 589 577 sonis
636 511 833 577 nihil
878 512 1031 579 nisi
1080 513 1425 579 obscure
1472 512 1691 578 dicta
1735 511 2061 600 prodita
2104 511 2501 578 habemus.

535 614 687 680 -Jam
737 616 954 699 quoad
1013 616 1094 681 de
1139 616 1252 682 illo
1315 637 1537 682 errore
1599 637 1679 680 ex
1725 615 1943 683 verbis
1985 622 2222 702 poetae
2259 613 2687 700 judicandum

364 716 470 799 sit,
517 716 874 785 videamus.

496 820 649 890 ‘Ac
703 821 1029 907 primum
1091 820 1406 907 quidem
1468 821 1659 906 quid
1718 843 1868 886 non
1926 821 2245 902 fecerit,
2310 840 2433 884 nos
2495 818 2694 886 docet

361 906 576 1006 Epist.
626 921 713 989 11.
761 923 819 1006 9,
867 925 981 992 67:

450 1023 646 1105 „Non
690 1048 813 1112 ego
860 1026 1065 1091 caede
1112 1047 1360 1092 nocens
1405 1027 1472 1091 in
1526 1026 1804 1093 Pontica
1846 1023 2041 1090 litora
2088 1023 2257 1104 veni,

621 1129 896 1194 Mistave
944 1138 1098 1194 sunt
1141 1138 1366 1194 nostra
1412 1129 1555 1194 dira
1597 1148 1852 1195 venena
1893 1149 2118 1209 manu3

382 1272 387 1277 ,
450 1230 638 1309 „Nec
683 1254 831 1297 mea
875 1233 1176 1318 subjecta
1221 1232 1528 1298 convicta
1573 1238 1677 1296 est
1720 1253 1979 1317 gemma
2020 1230 2285 1312 tabella,

623 1330 1006 1401 Mendacem
1053 1335 1204 1400 linis
1249 1333 1644 1422 imposuisse
1688 1342 1935 1427 notam.

449 1435 639 1516 „Nec
687 1436 1065 1522 quidquam,
1114 1440 1286 1523 quod
1334 1438 1482 1524 lege
1529 1447 1715 1504 veter
1762 1422 2194 1518 committere,
2240 1436 2432 1503 feci.“
2533 1443 2539 1448 “

361 1535 564 1603 Trist.
608 1538 736 1605 111.
782 1539 843 1621 5,
889 1542 1007 1607 43:

454 1638 806 1725 „Denique
852 1643 1011 1707 non*
1028 1665 1299 1731 possum
1345 1642 1592 1709 nullam
1640 1663 1908 1731 sperare
1957 1642 2251 1722 salutem,

623 1741 793 1809 Cum
838 1767 1093 1831 poenae
1139 1769 1272 1811 non
1319 1746 1406 1812 sit
1450 1768 1650 1814 causa
1695 1754 1968 1811 cruenta
2009 1766 2217 1826 meae,

450 1841 654 1927 „Non
696 1846 851 1912 mihi
902 1850 1240 1933 quaerenti
1288 1849 1721 1937 pessumdare
1769 1855 2010 1915 cuncta
2056 1845 2334 1933 petitum

623 1946 1023 2016 Caesareum
1071 1961 1272 2039 caput
1317 1967 1438 2039 est,
1485 1951 1659 2037 quod
1711 1959 1914 2038 caput
1957 1949 2135 2015 orbis
2184 1956 2343 2016 erat.

449 2050 635 2130 „Non
686 2049 929 2135 aliquid
977 2052 1136 2138 dixi,
1181 2055 1601 2141 violentaque
1647 2055 1870 2142 lingua
1913 2052 2137 2118 locuta
2182 2060 2305 2133 est,

620 2151 975 2241 Lapsaque
1020 2164 1174 2223 sunt
1217 2157 1415 2225 nimio
1460 2157 1664 2224 verba
1710 2156 1985 2244 profana
2027 2159 2275 2221 mero.“

535 2255 733 2320 Tum
785 2258 970 2343 quid
1019 2261 1275 2327 solum
1306 2261 1400 2328 de
1430 2261 1573 2327 illa
1602 2283 1684 2326 re
1717 2259 2028 2347 aperire
2064 2257 2353 2345 possit,
2401 2255 2686 2343 profert:

362 2355 562 2425 Trist.
608 2359 698 2424 II.
752 2362 901 2427 103:
2277 2385 2284 2389 ·

450 2460 637 2544 „Cur
682 2459 927 2548 aliquid
976 2463 1148 2531 vidi?
1197 2486 1314 2530 cur
1358 2466 1558 2530 noxia
1600 2464 1847 2532 lumina
1889 2464 2059 2531 feci?

623 2563 763 2631 Cur
805 2566 1202 2654 imprudenti
1252 2569 1518 2654 cognita
1563 2568 1761 2656 culpa
1803 2566 1958 2634 mihi
1971 2567 2045 2631 ?“

363 2667 560 2734 Trist.
608 2668 735 2735 111.
781 2669 844 2749 5,
893 2671 1004 2737 49:

448 2769 709 2850 „Inscia
756 2773 935 2856 quod
983 2773 1224 2838 crimen
1273 2774 1583 2839 viderunt
1624 2773 1872 2839 lumina
1913 2773 2195 2859 plector,

619 2871 1109 2959 Peccatumque
1157 2876 1387 2943 oculos
1435 2887 1537 2942 est
1580 2876 1888 2954 habuisse
1936 2877 2215 2952 meum.“

361 2974 562 3041 Trist.
610 2974 738 3042 ΙΙΙ.
786 2977 845 3057 6,
894 2978 1008 3044 27:

446 3079 627 3160 „Nee
675 3079 820 3145 leve
866 3103 990 3147 nee
1035 3089 1244 3146 tutum
1293 3093 1416 3165 est,
1465 3105 1597 3167 quo
1644 3083 1776 3149 sint
1818 3103 1967 3148 mea
2011 3078 2232 3145 dicere
2279 3097 2440 3144 casn

600 3181 905 3248 'Lumina
949 3184 1192 3250 funesti
1241 3186 1507 3251 conscia
1550 3186 1743 3253 facta'
1773 3184 1990 3251 mali.“

530 3283 684 3351 Sed
731 3295 1071 3372 peceato
1118 3310 1258 3353 suo
1307 3311 1530 3354 omne
1577 3287 2000 3355 consilium
2050 3295 2127 3352 et
2170 3282 2436 3352 scelus
2484 3278 2682 3345 faci-

355 3406 661 3471 nusque
709 3386 1107 3471 abfuisse,
1155 3391 1541 3476 saepissime
1589 3393 1861 3475 afirmat,
1906 3390 2141 3456 veluti:

354 3488 557 3558 Trist.
606 3489 730 3555 III.
780 3491 841 3574 6,
887 3493 998 3558 34:

610 3591 958 3676 „Praemia
1002 3604 1282 3682 peccato
1332 3594 1514 3662 nulla
1558 3596 1767 3683 petita
1812 3593 2030 3661 mihi.“

354 3696 554 3763 Trist.
601 3693 722 3762 IV.
767 3694 830 3777 4,
874 3697 988 3768 43:

436 3847 479 3884 ‚,
569 3847 586 3866 .
687 3851 1455 3871 ........
1549 3801 1759 3869 abfuit
1803 3823 1996 3867 omne

607 3901 899 3972 Peccato
947 3908 1201 3972 facinus
1252 3905 1729 3991 consiliumque
1772 3907 1983 3972 me0.“

335 4000 547 4073 'Trist.
595 4004 716 4078 IV.
767 4011 822 4090 1,
873 4011 985 4079 242
1758 4025 1765 4031 '
