2950 4492
1402 242 1486 310 28

270 418 511 483 missos
566 417 888 504 gregatim
934 415 1293 500 adulteros,
1337 423 1740 502 pererratam
1796 415 2136 483 noctuinis
2190 416 2603 484 comissatio-

271 519 464 585 nibus
558 519 914 603 civitatem,
987 521 1198 585 forum
1273 517 1492 605 ipsum
1548 542 1627 584 ac
1670 528 1903 602 rostra,
1983 543 2065 585 ex
2111 519 2350 605 quibus
2412 529 2603 608 pater

268 621 487 709 legem
555 623 637 688 de
686 621 1024 687 adulteriis
1091 620 1336 686 tulerat
1377 621 1552 687 filiae
1596 621 1662 686 in
1712 631 1941 710 stupra
1983 621 2337 710 placuisse,
2382 623 2601 709 quoti*-

271 725 536 792 dianum
615 725 699 792 ad
739 725 1073 809 Marsyam
1121 747 1514 790 concursum
1560 728 1733 790 etc;“
1822 725 2011 808 Quae
2068 724 2334 812 quidem
2379 727 2598 793 omnia

271 829 355 893 ad
399 829 445 893 J
450 828 668 911 uliam,
751 826 951 892 filiam
1007 827 1296 915 Augusti
1371 836 1699 914 spectant,
1776 851 1990 914 neque
2068 836 2289 893 tamen
2352 830 2600 895 Juliam

269 940 536 1017 neptem
593 931 786 995 matri
853 930 977 997 hac
1020 931 1090 995 in
1134 953 1205 995 re
1254 928 1603 1017 quicquam
1660 932 1961 1012 cessisse,
2031 955 2112 996 ex
2152 931 2255 998 his
2301 930 2604 1000 Suetonii

276 1034 498 1099 verbis
547 1033 905 1100 concludas
952 1035 1157 1121 (Aug.
1185 1034 1326 1119 65)=
1372 1033 1625 1117 „Julias
1656 1034 1857 1099 filiam
1904 1041 1972 1099 et
1998 1041 2265 1121 neptem
2298 1035 2599 1101 omnibus

270 1135 534 1224 probris
593 1137 1068 1202 contaminatas
1114 1137 1493 1224 relegavit.“
1577 1137 1622 1203 ,J
1631 1161 1733 1202 am
1765 1136 1938 1219 vide,
1987 1158 2181 1222 quam
2226 1136 2421 1203 facile
2460 1139 2600 1204 fieri

270 1240 581 1325 potuerit,
627 1247 702 1304 ut
729 1241 906 1307 Naso
954 1263 1102 1305 cum
1145 1239 1328 1306 Julia
1373 1248 1595 1327 nepte,
1640 1264 1760 1327 per
1805 1240 2035 1305 urbem
2067 1249 2269 1306 noctu
2314 1249 2597 1328 vagante

272 1366 349 1408 ac
388 1342 799 1426 comissante‚
846 1342 1249 1409 conveniret.
1323 1341 1484 1410 Sine
1520 1342 1721 1410 dubio
1754 1342 2085 1429 quondam
2117 1365 2276 1409 casu
2306 1345 2593 1411 infausto

268 1447 336 1510 in
383 1442 559 1509 illam
599 1444 862 1529 incidit;
910 1468 988 1510 ac
1028 1446 1310 1533 primum
1356 1445 1623 1533 quidem
1669 1467 1930 1511 omnem
1970 1445 2358 1512 societatem
2403 1468 2596 1512 recu-

273 1570 446 1630 sans,
515 1556 733 1613 tamen
780 1571 934 1614 mox
980 1548 1197 1634 aliqua
1264 1572 1347 1613 ex
1390 1558 1578 1632 parte
1625 1573 1665 1614 a
1704 1548 1890 1615 Julia
1954 1557 2313 1636 permotus,
2383 1549 2601 1636 aliqua

272 1674 349 1715 ac
396 1654 640 1736 majore
689 1651 955 1737 quidem
1001 1674 1082 1716 ex
1111 1660 1300 1739 parte
1347 1674 1467 1718 suo
1508 1651 1720 1740 ipsius
1764 1651 1954 1717 hilari
2001 1659 2070 1716 et
2114 1651 2196 1717 ad
2234 1652 2594 1738 jocandum

272 1761 584 1841 prompto
635 1754 849 1819 animo
896 1754 1266 1841 indulgens,
1314 1754 1691 1837 obscoenis,
1737 1776 1906 1840 quae
1952 1754 2346 1841 agebantur,
2394 1755 2596 1820 inter-

269 1857 429 1935 fuit3
497 1858 686 1942 isque
754 1859 939 1943 quasi
1009 1865 1408 1945 praeceptor
1474 1881 1790 1929 amorum.
1881 1857 2079 1940 Quod
2144 1857 2239 1923 ita
2279 1856 2486 1924 fuisse
2533 1866 2603 1922 et

271 1959 419 2046 ipsa
461 1983 678 2024 rerum
725 1970 961 2025 natura
1004 1968 1079 2026 ut
1111 1961 1455 2027 credamus
1501 1960 1758 2045 suadet,
1804 1969 1873 2026 et
1913 1961 2097 2026 varia
2139 1967 2378 2047 poetae
2422 1961 2595 2026 hanc

272 2062 339 2127 in
385 2085 521 2128 rem
566 2063 745 2131 dicta
792 2063 1056 2152 docent,
1103 2086 1269 2150 quae
1318 2065 1540 2129 omnia
1583 2064 1878 2151 opinioni
1923 2072 2189 2131 nostrae
2245 2062 2596 2150 insigniter

272 2166 526 2249 favent,
573 2167 823 2253 nullum
866 2168 1265 2254 obloquitur.

447 2268 583 2335 Res
648 2271 798 2356 ipsa
842 2269 1194 2351 obscoena,
1262 2270 1368 2336 cui
1414 2268 1702 2336 Ovidius
1749 2268 2026 2352 adstitit,
2094 2268 2306 2355 qualis
2371 2259 2602 2350 fuerit,

276 2395 399 2438 nec
448 2381 857 2460 compertum
905 2373 1223 2439 habemus
1267 2396 1484 2460 neque
1514 2395 1801 2458 unquam
1835 2373 2338 2459 comperiemus,
2383 2392 2603 2457 neque

275 2484 349 2541 ut
395 2476 875 2560 comperiamus
922 2477 1145 2544 refert.
1238 2474 1476 2540 Valeat
1527 2476 1728 2563 igitur
1787 2475 1870 2541 de
1916 2499 1995 2541 ea
2037 2496 2271 2541 versus
2330 2482 2604 2562 poetaez

444 2578 615 2662 „Illa
656 2577 794 2665 tegi
839 2600 1041 2647 caeca
1084 2578 1351 2645 condita
1387 2586 1584 2644 nocte
1633 2577 1890 2648 decet.“

445 2680 865 2768 Ingeniosam
909 2682 1112 2748 fuisse
1166 2680 1346 2748 illam
1420 2688 1703 2747 aetatem
1747 2680 1815 2745 in
1865 2679 2312 2768 voluptatibus
2358 2676 2587 2744 libidi-

277 2784 480 2866 nosis,
528 2792 809 2852 constat.

452 2888 546 2953 At
631 2887 913 2954 forsitan
981 2887 1212 2973 aliquis
1283 2885 1543 2973 dixerit,
1613 2884 1925 2952 Ovidium
1992 2894 2124 2951 tam
2194 2883 2601 2973 perditorum

273 2990 608 3056 hominum
653 3014 784 3057 non
828 2991 1051 3062 fuisse.
1137 2989 1603 3072 Concedimus,
1646 3012 1863 3075 neque
1911 3011 2142 3055 versus
2186 2977 2603 3076 ignoramus,

281 3094 460 3159 velut
504 3093 705 3163 Trist.
749 3093 804 3180 I,
851 3097 913 3178 9,
959 3096 1064 3161 59.

370 3195 576 3280 „Vita
619 3203 838 3262 tamen
884 3197 1004 3262 tibi
1051 3204 1208 3262 nota
1252 3217 1400 3260 mea
1446 3203 1577 3263 est:
1625 3192 1755 3261 scis
1803 3194 2056 3259 artibus
2102 3192 2234 3259 illis

538 3300 855 3365 Auctoris
901 3321 1119 3364 mores
1166 3297 1566 3365 abstinuisse
1615 3295 1791 3366 sui.“

276 3402 480 3470 Trist.
528 3401 618 3468 II.
663 3401 810 3467 349.

363 3504 523 3590 „Sic
570 3527 692 3591 ego
740 3504 1011 3571 delicias
1057 3513 1125 3569 et
1168 3503 1389 3570 mollia
1432 3503 1727 3568 carmina
1769 3501 1921 3584 feci,

536 3606 891 3672 Strinxerit
932 3615 1008 3673 ut
1049 3630 1288 3673 nomen
1334 3605 1560 3672 fabula
1602 3604 1786 3670 nulla
1829 3626 2068 3670 meum.

363 3711 557 3796 „Nec
602 3709 942 3796 quisquam
990 3724 1092 3775 est
1137 3709 1302 3775 adeo
1351 3707 1567 3805 media
1613 3706 1695 3772 de
1744 3706 1939 3795 plebe
1986 3705 2281 3794 maritus,

535 3813 634 3880 Ut
680 3811 917 3879 dubius
963 3813 1123 3877 vitio
1171 3812 1258 3877 sit
1302 3819 1494 3898 pater
1536 3808 1647 3875 ille
1695 3831 1864 3875 meo,

368 3918 620 4001 „Crede
665 3916 847 4000 mihi,
893 3937 1109 3980 mores
1157 3915 1405 3981 distant
1450 3938 1491 3977 a
1535 3913 1820 3978 carmine
1865 3914 2161 3978 nostro.“

453 4020 683 4086 Nihilo
732 4018 950 4085 secius
998 4017 1293 4083 animum·
1315 4019 1455 4102 ejus
1486 4015 1985 4101 propensiorem
2021 4013 2224 4079 fuisse
2259 4011 2342 4078 ad
2374 4012 2611 4098 volup-

2895 4124 2950 4462 l
