2950 4492
1330 187 1413 254 1²2

307 401 378 436 „.
470 358 489 422 ’.
580 404 1128 429 ......
1219 359 1374 441 (seit
1419 381 1681 444 quoque
1722 362 1935 444 Musa)

478 456 572 521 Et
619 457 877 543 eulpam
923 460 987 523 in
1036 461 1236 544 facte,
1282 485 1431 526 non
1459 461 1677 527 scelus
1728 483 1873 527 esse
1921 464 2144 526 meos*

223 556 550 637 'frisa-V.
595 559 656 642 8,
704 559 810 629 233

308 706 378 742 ,,.
468 658 483 727 ’.
574 714 1125 737 ......
1212 676 1414 752 utque
1460 666 1713 753 pudore

311 805 315 809 -
481 765 630 840 Nou
678 775 874 851 caret,
921 764 1168 837 invidia
1213 769 1309 835 sie
1355 793 1501 834 mea
1548 769 1741 857 eulpa
1790 772 2033 838 caret.“

222 865 436 952 Epist.
486 867 575 937 ΙΙ.
619 870 679 950 2,
730 871 838 938 15:

311 969 478 1053 „Est
522 993 667 1035 mea
705 974 910 1059 eulpa
950 977 1189 1062 gravisi,
1238 977 1356 1040 sed
1403 999 1570 1062 quae
1616 998 1719 1041 me
1763 973 2298 1062 perdere-solum

486 1074 674 1138 Ausa
721 1076 806 1140 sit
850 1085 916 1141 et
960 1078 1209 1143 nullum
1254 1083 1464 1166 majus
1512 1079 1743 1144 adorta
1788 1077 2039 1142 nefas“

399 1175 771 1242 Errorem
819 1181 1275 1264 stultitiam,
1323 1183 1690 1247 timorem
1739 1179 2357 1266 simplieitatem
2404 1198 2544 1239 uo·

225 1279 470 1344 minat
515 1289 929 1365 peecatum
980 1305 1233 1352 suum:

228 1381 429 1447 Trist.
477 1382 530 1449 Ι.
581 1383 640 1465 2,
686 1385 794 1451 99:

316 1484 571 1568 „Immo
617 1486 711 1550 ita
757 1511 872 1552 vos
922 1488 1061 1572 (Di)
1103 1490 1307 1572 scitis,
1355 1491 1409 1556 si
1455 1513 1559 1555 me
1610 1512 1792 1555 meus
1839 1485 2111 1554 abstulit
2155 1481 2354 1566 erret-3

489 1585 837 1673 Stultaque
885 1613 1067 1656 mens
1114 1593 1324 1673 nobis,
1373 1616 1505 1658 non
1554 1593 1873 1658 scelerata
1914 1590 2103 1656 fuit.“

230 1688 428 1758 Trist.
477 1688 599 1754 IV.
652 1692 749 1773 10,
799 1692 911 1758 89:

321 1791 543 1873 „Seite
589 1793 996 1880 (parentales
1043 1797 1345 1884 umbrae)
1391 1819 1516 1863 nee
1564 1818 1682 1862 vos
1727 1796 1884 1861 mihi
1930 1793 2165 1860 fallere
2210 1793 2320 1857 fas¹
2357 1799 2485 1872 θεῖ,

494 1896 803 1962 Errorem
840 1900 1086 1983 jussae,
1135 1924 1267 1966 non
1314 1901 1557 1982 scelus,
1606 1922 1752 1965 esse
1793 1899 1989 1984 fugae
2034 1896 2412 1977 (eausam).“

234 1998 433 2064 Trist.
478 1998 607 2064 ΙΙΙ.
653 2003 712 2081 6,
757 2001 874 2071 352
1474 2031 1479 2034 ’
1812 1999 2154 2082 (referam)

322 2101 857 2189 „stultitiamque
903 2128 1116 2171 meum
1165 2108 1411 2172 crimen
1457 2106 1700 2171 debere
1749 2101 1968 2170 vocari
2010 2125 2016 2130 ·

492 2206 768 2272 Nomina
810 2208 865 2272 si
912 2210 1088 2273 laeto
1135 2208 1411 2274 reddere
1459 2231 1617 2272 vera
1659 2206 1886 2274 velis.“

237 2306 445 2395 Epist.
492 2308 585 2377 ΙΙ.
632 2311 692 2389 2,
746 2313 852 2375 17:

323 2411 479 2491 „Nil
527 2411 649 2477 nisi
700 2436 827 2477 non
875 2415 1139 2499 sapiens
1183 2437 1454 2500 possum
1502 2413 1901 2496 timidusque
1949 2407 2171 2476 vocari

495 2513 687 2580 Haec
734 2515 864 2580 duo
911 2521 1067 2582 sunt
1118 2516 1309 2582 animi
1357 2517 1622 2583 nomina
1667 2537 1823 2580 vera
1868 2511 2058 2578 mei.“

236 2615 433 2686 Trist
479 2617 534 2682 I.
580 2618 639 2700 5,
686 2621 800 2686 42:

702 2774 714 2786 .
786 2722 924 2790 sed
962 2722 1164 2787 hane
1188 2723 1393 2788 merui
1442 2721 1859 2808 simplicitate
1907 2720 2192 2802 iugamf‘

237 2820 715 2911 Trist.1v.3
761 2825 872 2890 39:
957 2868 961 2872 -

327 2928 509 3008 „Aut
553 2929 747 2993 timor
794 2937 907 2993 aut
952 2951 1137 2994 error
1181 2929 1393 3010 nobiS,
1440 2930 1626 3014 prius
1674 2926 1887 2992 obfuit
1930 2925 2172 2989 error}

413 3030 687 3115 Neque
738 3040 1368 3097 tamen-omnem
1440 3031 1755 3116 eulpam
1827 3049 1907 3092 se
1976 3045 2264 3110 negare
2325 3041 2563 3107 posse

242 3131 618 3197 confitetur:

241 3233 454 3321 Epist.
476 3267 480 3271 ·
504 3235 565 3304 Ι.ἱ
601 3239 659 3318 6,
695 3238 818 3302 25:
908 3267 915 3272 ·

329 3334 714 3422 „Quidquid
745 3340 808 3404 id
846 3350 964 3420 est,
1017 3350 1085 3403 ut
1132 3363 1261 3405 non
1308 3339 1587 3418 facinus,
1635 3338 1729 3403 sie
1765 3335 1963 3421 culpa
1996 3330 2365 3398 voe-andum
2403 3330 2563 3392 est.“

242 3440 444 3507 Trist.
492 3440 622 3507 111.
670 3442 731 3523 5,
778 3443 890 3510 51:

329 3545 519 3625 „Non
569 3544 872 3628 equidem
917 3554 1118 3612 totam
1172 3566 1436 3630 possum
1486 3541 1842 3607 defendere
1893 3538 2220 3624 eulpam.“

245 3647 440 3718 Trist.
489 3646 608 3716 IV.
656 3648 713 3728 8,
761 3648 874 3712 49:

331 3800 794 3831 ......
801 3750 959 3813 vitio
1010 3773 1159 3835 pars
1209 3757 1309 3815 est
1354 3754 1695 3813 contracta
1740 3744 2120 3810 malorum.“

243 3852 456 3939 Epist.
505 3853 556 3920 I.
612 3858 664 3938 1,
713 3854 825 3920 66:

504 3959 642 4038 „Ne
690 3980 819 4022 non
868 3955 1199 4041 peccarim
1247 3976 1421 4018 mors
1469 3972 1728 4036 quoque
1776 3972 1907 4014 non
1954 3948 2213 4015 faeietf‘
