2950 4492
1452 188 1529 261 13

1659 286 1694 296 -ο

324 370 537 458 Epist.
581 369 699 440 ΙΙΙ.
745 373 806 452 3,
856 371 971 439 73:

409 472 794 558 „Quidquid
841 473 909 538 id
957 482 1081 554 est,
1132 493 1345 555 neque
1393 476 1567 534 enim
1614 469 1813 535 debet
1858 469 2048 534 dolor
2091 471 2201 536 ille
2249 472 2493 555 referri,

580 575 734 641 Non
780 584 983 662 potes,
1021 599 1058 641 a
1109 572 1302 660 culpa
1349 572 1571 638 dicere
1617 571 1851 638 abesse
1892 577 2067 639 tua.“

498 677 702 760 Quin
760 678 997 753 etiam
1058 675 1438 749 Caesaris
1497 676 1791 742 offensi
1848 676 2406 761 gravissimam
2463 675 2659 742 iram

326 804 407 847 se
453 781 884 864 meruisse,
933 778 1273 847 coneedit.
1777 786 1786 800 ’

328 883 545 982 Epist.
596 883 654 953 Ι.
701 886 760 967 2,
811 886 930 952 95:
2287 930 2292 931 ff

583 986 771 1070 „Nec
803 986 1016 1052 minus
1039 986 1338 1068 infestus,
1367 1007 1562 1070 quam
1595 984 1737 1068 fuit,
1761 1005 1921 1050 esse
1948 992 2174 1070 potest
2199 987 2663 1073 (Augustus).“

336 1089 551 1174 Epist.
595 1088 649 1154 Ι.
698 1091 757 1170 2,
807 1088 923 1154 93:

417 1242 483 1272 ‚,.
577 1238 591 1256 .
683 1238 700 1256 .
791 1243 807 1259 .
900 1244 913 1259 .
1006 1198 1273 1277 poterat
1319 1190 1586 1255 minimo
1637 1211 1739 1255 me
1785 1188 2065 1275 perdere
2112 1195 2340 1256 nutu.“

333 1292 549 1380 Epist.
595 1293 716 1365 ΙΙΙ.
762 1294 829 1377 6,
872 1295 949 1364 9:

417 1396 640 1480 „Huic
686 1420 811 1484 ego
860 1420 1052 1482 quam
1100 1395 1317 1483 patior
1361 1395 1452 1460 nil
1498 1417 1767 1483 possem
1812 1393 2080 1460 demere
2126 1416 2404 1482 poenae,
2487 1437 2492 1440 ·

594 1499 668 1567 Si
704 1500 915 1587 judex
960 1497 1174 1564 meriti
1225 1520 1502 1585 cogerer
1548 1520 1694 1564 esse
1720 1484 1933 1564 'mei.“
2415 1559 2420 1562 ,

507 1605 612 1666 At
655 1603 1140 1688 Augustum,
1208 1624 1437 1687 quum
1484 1601 1774 1666 delicti
1820 1599 2137 1686 aliquid
2185 1601 2670 1669 excusabile

336 1704 403 1769 ei
449 1704 708 1770 visum
757 1713 1012 1788 esset,
1061 1703 1213 1770 sibi
1249 1703 1723 1792 pepercisse
1755 1702 2080 1790 probat.
2159 1705 2434 1790 Neque
2470 1705 2673 1773 enim

337 1807 538 1873 bona
584 1831 725 1873 nec
789 1809 1032 1873 vitam
1093 1822 1243 1873 nec
1300 1809 1718 1874 civitatem
1767 1806 2203 1874 Caesarem
2266 1807 2419 1874 sibi
2478 1810 2671 1876 ade-

338 1910 609 1991 misse,
667 1910 805 1976 sed
853 1910 1300 1996 relegatum
1345 1918 1656 1975 tantum
1717 1909 2194 1975 domesticis
2240 1912 2671 1997 penatibus

339 2034 420 2088 se
469 2034 738 2098 egere,
809 2034 1065 2097 neque
1126 2010 1274 2078 boc
1331 2008 2145 2095 senatus-consultO,
2216 2013 2353 2078 sed
2407 2016 2671 2103 ipsius

341 2113 727 2183 Caesaris.
764 2114 1055 2180 edicto,
1149 2114 1372 2198 Quae
1420 2110 1822 2201 principis
1871 2112 2302 2181 clementia
2346 2126 2673 2204 poetam

340 2218 578 2291 etiam
627 2219 701 2284 in
751 2241 963 2306 spem
998 2218 1357 2302 adducit,
1407 2222 1577 2284 fore
1624 2227 1707 2284 ut
1738 2217 2188 2303 aliquando
2232 2219 2307 2285 in
2337 2221 2676 2308 patriam

341 2322 640 2387 reverti
687 2321 843 2387 sibi
902 2345 1042 2408 per
1095 2323 1556 2408 Augustum
1607 2321 1881 2402 liceat,
1935 2321 2043 2386 aid<
2094 2323 2301 2407 quod
2349 2326 2674 2410 precari

343 2445 500 2502 non
546 2424 882 2492 desinit:

344 2525 545 2597 Trist.
593 2527 684 2595 ΙΙ.
738 2531 794 2609 1,
842 2530 961 2596 25:

437 2628 689 2718 „Cujus
735 2632 803 2696 in
850 2639 1090 2697 eventu
1135 2653 1388 2717 poenae
1436 2629 1786 2696 clementia
1830 2640 2014 2698 tanta
2061 2643 2179 2711 est,

602 2733 709 2805 Ut
752 2737 950 2801 fuerit
992 2743 1222 2800 nostro
1265 2734 1478 2801 lenior
1523 2732 1637 2800 illa
1683 2742 1879 2805 metu.

368 2903 377 2908 .
442 2836 628 2916 „Vita
674 2837 829 2903 data
873 2847 992 2920 est,
1043 2837 1334 2922 citraque
1382 2860 1613 2904 necem
1660 2846 1775 2904 tua
1819 2837 2119 2904 constitit
2162 2839 2275 2922 ira,

614 2940 676 3008 O
724 2939 1067 3027 Princeps,
1114 2963 1312 3026 parce
1360 2940 1607 3007 viribus
1654 2963 1769 3006 use
1817 2941 1967 3009 tuis.
2119 3006 2128 3019 ,

443 3041 767 3130 „Insuper
812 3043 1153 3125 accedunt,
1206 3052 1269 3110 te
1315 3067 1444 3110 non
1491 3042 1838 3126 adimente,
1883 3052 2219 3130 paternae,

612 3146 976 3232 Tamquam
1021 3147 1156 3212 vita
1206 3169 1439 3233 parum
1487 3147 1772 3213 muneris
1818 3155 2013 3229 esset,
2062 3169 2245 3232 opes,

444 3249 621 3331 „Nec
667 3272 814 3318 mea
857 3249 1127 3316 decreto
1175 3249 1498 3317 damnasti
1546 3252 1718 3317 facta
1762 3247 2065 3332 SenatuS,

610 3352 750 3421 Nec
792 3375 940 3419 mea
984 3353 1234 3420 selecto
1271 3353 1501 3439 judice
1534 3355 1723 3439 jussa
1765 3353 1921 3441 fuga
1961 3348 2079 3420 est.

441 3455 812 3538 „Tristibus
857 3457 1155 3523 invectus
1204 3457 1441 3542 verbis,
1486 3457 1578 3521 ita
1623 3456 1932 3543 Principe
1980 3456 2270 3543 dignum,

484 3626 491 3631 ,
617 3560 817 3626 Ultus
865 3582 933 3625 es
981 3559 1286 3642 offensae,
1333 3568 1407 3625 ut
1450 3560 1664 3642 decet,
1712 3561 1857 3646 ipse
1901 3568 2070 3629 tuas.

229 3676 237 3681 '
348 3712 365 3734 ·.
409 3662 680 3744 .‚,Adde
726 3662 904 3748 quod
953 3661 1605 3747 edictum,‚quan1vis
1652 3662 1932 3728 immane
1980 3663 2324 3746 minaxque

610 3768 926 3833 Attamen
968 3767 1035 3832 in
1081 3788 1337 3854 poenae
1384 3765 1646 3831 nomine
1693 3766 1838 3831 lene
1885 3767 2026 3849 fuit,

392 3914 397 3918 -
441 3867 751 3956 „Quippe
796 3869 1130 3955 relegatus
1175 3891 1309 3934 non
1356 3866 1542 3932 exsul
1587 3867 1775 3935 dicor
1819 3868 1888 3934 in
1930 3867 2070 3954 illo,

351 4004 373 4044 :-
428 4030 447 4061 5
611 3972 951 4056 Parcaque
996 3971 1297 4039 fortunae
1345 3979 1501 4037 sunt
1545 3971 1702 4037 data
1744 3970 1948 4038 verba
1989 3970 2236 4039 meae.“
