2950 4492
1451 218 1536 288 32

500 389 706 458 Filiae
752 391 1018 478 quidem
1062 391 1393 466 dedecora
1427 393 1884 480 judiciumque
1945 390 2281 483 copiosius
2342 403 2649 463 enarrant

322 503 586 581 praeter
646 495 969 563 Senecam
1034 493 1390 561 Suetonius
1469 496 1537 561 in
1615 498 1750 563 vita
1824 500 2109 585 Augusti
2193 523 2249 566 c.
2312 499 2430 585 65,
2510 499 2645 566 Dio

327 596 597 664 Cassius
649 596 827 681 LV„
890 600 1002 677 103
1070 596 1362 684 Vellejus
1427 601 1507 669 Π.
1575 603 1730 681 10ος
1810 600 2081 666 Tacitus
2128 603 2337 668 annal.
2396 602 2454 670 I.
2515 603 2644 682 533

252 745 259 751 -
325 723 552 766 verum
615 700 863 766 Juliam
930 710 1197 788 neptem
1243 700 1373 767 Dio
1421 697 1692 769 Cassius
1749 714 1817 769 et
1864 703 2158 791 Vellejus
2213 728 2292 770 ne
2342 729 2641 771 comme-

326 812 581 870 morant
647 802 943 888 quidem;
1011 803 1366 870 Suetonius
1437 814 1654 871 autem
1726 807 1808 871 de
1866 830 1946 872 ea
1999 806 2157 871 nihil
2218 807 2438 892 affert,
2509 810 2639 874 nisi

327 930 583 993 „aeque
629 929 772 972 eam
818 931 897 973 ac
941 916 1217 972 matrem
1254 909 1563 975 ,omnibus
1593 910 1855 997 probris
1903 911 2410 977 contaminatam
2459 911 2644 978 rele-

325 1018 546 1096 gatam
612 1032 791 1093 esse,
855 1011 1296 1097 infantemque
1364 1020 1522 1099 post
1588 1010 2072 1078 damnationem
2143 1035 2224 1079 ex
2271 1037 2351 1079 ea
2397 1014 2646 1080 editum

327 1113 603 1199 agnosci
656 1111 871 1199 alique
936 1137 1129 1179 avum
1174 1112 1528 1191 vetuisseg‘·
1615 1114 1999 1181 Cei-tissime
2046 1124 2264 1182 autem
2318 1117 2650 1183 sententia

326 1238 473 1280 mea
515 1215 941 1283 confirmatur
983 1216 1084 1282 his
1134 1217 1349 1283 verbis
1395 1218 1614 1284 Taciti
1644 1219 1861 1290 annal.
1894 1218 2023 1288 ΙΙΙ.
2056 1220 2173 1304 245
2218 1219 2348 1305 ‚‚D,
2380 1219 2646 1287 Silanus

324 1317 394 1382 in
437 1319 617 1405 nepti
662 1320 949 1406 Augusti
983 1319 1261 1404 adulter,
1307 1344 1703 1406 quamquam
1734 1345 1864 1387 non
1897 1322 2069 1388 ultra
2096 1324 2271 1388 foret
2300 1322 2646 1406 saevitum,

328 1442 522 1505 quam
572 1430 647 1487 ut
708 1422 993 1487 amicitia
1048 1421 1354 1489 Caesaris
1419 1425 1907 1511 prohiberetur,
1970 1424 2273 1490 exsilium
2336 1425 2464 1491 sibi
2515 1424 2646 1531 de·-

333 1523 678 1588 monstrari
707 1522 1050 1592 intellexit.
1059 1530 1094 1560 “

496 1625 746 1712 Ergo,
794 1629 1234 1714 Augustum
1288 1631 1372 1695 in
1436 1652 1691 1696 causa
1733 1629 2007 1717 neptis
2057 1630 2648 1696 verecundiam

329 1736 408 1793 et
450 1728 1066 1795 moderationem
1112 1730 1623 1816 adhibuisse,
1691 1740 1775 1796 ut
1828 1734 2312 1816 statuamus,
2360 1754 2647 1798 omnes

328 1831 686 1898 rationes
732 1832 1089 1904 suadent

496 1916 682 2002 Quae
728 1919 1111 2004 moderati0‚
1180 1943 1310 2006 quo
1357 1920 1555 1987 modo
1604 1920 1686 1986 ad
1734 1919 2068 2003 Ovidium,
2114 1890 2381 2008 flagitiis
2424 1920 2650 1987 Juliae

326 2018 751 2107 implicatum,
797 2024 1204 2110 pertinuerit,
1250 2033 1452 2111 poeta
1497 2012 1695 2090 docet
1724 2023 2244 2092 Trist.11.127:

415 2122 619 2208 „Vita
663 2124 817 2191 data
861 2135 980 2211 est,
1031 2126 1324 2213 citraque
1370 2150 1602 2193 necem
1646 2136 1760 2192 tua
1804 2128 2102 2193 constitit
2148 2128 2263 2208 ira,

586 2227 648 2294 Ο
696 2227 1043 2319 Princep8‚
1091 2234 1291 2316 parce
1337 2228 1588 2296 viribus
1636 2252 1752 2296 use
1798 2230 1955 2301 tuis,
2177 2246 2183 2252 “

416 2329 739 2417 „Insuper
785 2333 1130 2416 accedunt,
1175 2342 1244 2399 te
1289 2357 1422 2398 non
1466 2333 1798 2398 adimente
1845 2342 2159 2421 paternae

581 2432 947 2520 Tamquam
992 2437 1128 2503 vita
1171 2460 1403 2524 parum
1448 2436 1739 2503 muneris
1774 2445 1970 2515 esset,
2018 2459 2204 2522 opes·

417 2536 597 2618 „Nec
643 2560 792 2603 mea
838 2537 1106 2605 decreto
1155 2539 1481 2605 damnasti
1526 2542 1707 2606 faeta
1738 2539 2040 2619 Senatus,

587 2639 725 2706 Nec
771 2664 918 2707 mea
962 2644 1212 2709 selecto
1247 2642 1476 2730 judice
1515 2644 1705 2728 jussa
1747 2643 1907 2728 fuga
1951 2651 2071 2710 est.

416 2741 789 2825 „Tristibus
835 2745 1138 2811 invectus
1185 2746 1426 2833 verbis,
1471 2747 1564 2810 ita
1594 2744 1905 2830 Principe
1954 2742 2243 2830 dignum,

508 2862 511 2867 ·
587 2845 793 2913 Ultus
841 2870 911 2913 es
957 2847 1266 2932 offensas,
1316 2857 1391 2914 ut
1436 2848 1653 2934 decet,
1699 2847 1842 2935 ipse
1876 2855 2043 2913 tuas.

411 2948 654 3033 „Adde
702 2948 879 3034 quod
924 2950 1232 3034 edictum,
1279 2951 1578 3037 quamvis
1623 2952 1905 3016 immane
1955 2951 2301 3035 minaxque

586 3054 899 3118 Attamen
943 3053 1010 3118 in
1054 3077 1308 3141 poenae
1355 3055 1615 3120 nomine
1662 3054 1811 3118 lene
1857 3054 2000 3135 tuit,

418 3153 728 3242 „Quippe
775 3155 1128 3243 relegatus,
1175 3181 1309 3223 non
1359 3158 1545 3224 exsul
1593 3158 1777 3224 dicor
1821 3157 1888 3221 in
1934 3156 2068 3239 illo,

587 3259 929 3345 Parcaque
975 3261 1277 3326 fortunae
1323 3271 1478 3326 sunt
1525 3259 1682 3328 data
1726 3259 1927 3325 verba
1974 3263 2224 3324 meae.“

502 3361 691 3446 Quae
736 3361 1005 3447 quidem
1053 3364 1271 3430 omnia
1315 3364 1529 3450 primo
1577 3364 1901 3450 adspectu
1947 3364 2040 3429 illi
2087 3361 2376 3450 opinioni
2429 3360 2658 3426 favere

329 3464 664 3545 videntur,
729 3466 1134 3553 Angustum,
1205 3490 1429 3532 veram
1478 3467 1768 3533 Nasonis
1838 3467 2097 3553 culpam
2167 3464 2249 3530 de
2332 3463 2662 3530 industria

329 3578 688 3654 tacentem,
735 3571 967 3634 Artem
1013 3569 1273 3635 amandi
1319 3568 1401 3634 ab
1435 3592 1515 3635 eo
1560 3570 1875 3655 scriptam
1921 3592 2185 3635 causam
2230 3566 2657 3655 relegationis

331 3671 770 3752 simulavisse3
837 3673 960 3739 sed
1017 3695 1287 3761 prorsus
1349 3671 1519 3754 falli,
1593 3674 1702 3758 qui
1759 3674 1850 3737 ita
1895 3680 2209 3755 statuunt,
2282 3695 2404 3757 pro
2474 3683 2659 3740 certo

333 3776 635 3843 effecisse
681 3776 838 3840 mihi
887 3776 1133 3844 videor.
1224 3775 1613 3841 Interfnisse
1647 3775 1956 3862 Augusti,
2006 3785 2079 3840 ut
2123 3800 2296 3841 nova
2329 3775 2665 3843 dedecora

276 3940 281 3941 ff
335 3878 568 3944 domus
634 3878 1020 3967 principalis
1075 3902 1270 3965 quam
1326 3878 1675 3964 plurimum
1746 3879 2270 3962 occultarentur,
2341 3871 2447 3945 res
2515 3878 2667 3966 ipsa

332 3980 653 4068 loquitur;
700 4004 835 4049 non
865 3981 1078 4069 magis
1108 3989 1350 4062 autem,
1396 4002 1594 4066 quam
1624 4002 1781 4047 vera
1811 3969 1859 4046 J
1865 3979 2035 4046 uliae
2068 3981 2290 4071 neptis
2322 3979 2666 4072 relegatae
