2950 4492
1479 224 1559 290 31

363 396 596 483 inquit,
646 406 763 480 „nt
797 397 1063 462 vulnera
1106 407 1237 479 tua,
1270 397 1548 479 Caesar,
1595 399 1975 476 renovem;“
2021 395 2221 463 immo
2265 397 2396 485 ipsi
2445 422 2688 465 memo-

362 500 461 565 ria
504 499 677 565 illius
725 500 838 582 rei,
889 500 994 566 eui
1039 499 1317 567 infauste
1351 499 1721 586 implicatus
1769 509 1928 583 erat,
1974 499 2314 567 horrorem
2348 525 2426 568 ac
2470 502 2685 589 pudo-

364 625 501 667 rem
548 601 892 669 afferebat:

449 705 819 791 ‚,Mensque
868 708 1264 789 reformidat,
1314 705 1519 771 veluti
1565 729 1684 772 sua
1731 706 2017 787 vulnera,
2067 715 2327 793 tempus

623 809 798 874 Illud
845 819 912 876 et
956 809 1291 876 admonitu
1334 809 1410 874 fit
1454 832 1664 875 novus
1708 808 1852 897 ipse
1899 808 2110 879 dolor.

463 912 599 995 „Et
644 936 1073 999 quaecunque
1122 912 1287 978 adeo
1335 922 1616 999 possunt
1663 913 1894 977 afferre
1939 911 2278 1000 pudorem,

621 1015 747 1082 Illa
791 1017 927 1103 tegi
975 1039 1175 1082 caeca
1220 1015 1489 1081 condita
1533 1025 1726 1081 nocte
1775 1014 2029 1081 decet.“

539 1117 783 1187 Ovidio
832 1127 1141 1200 extrema,
1214 1141 1410 1204 quam
1457 1128 1796 1200 metuerat,
1870 1141 2086 1206 poena
2154 1117 2495 1185 subeunda
2546 1140 2678 1183 non

362 1232 525 1292 erat.
619 1227 973 1308 Augustus,
1024 1221 1131 1286 ubi
1179 1222 1381 1309 magis
1430 1245 1649 1287 errore
1696 1245 1773 1288 ac
1821 1222 2117 1306 stultitia,
2166 1243 2360 1307 quam
2407 1218 2681 1287 consilio

364 1324 448 1390 ad
486 1324 879 1392 societatem
954 1325 1249 1390 funestae
1315 1327 1411 1390 rei
1458 1348 1603 1390 eum
1672 1323 2033 1391 adductum
2078 1347 2224 1390 esse
2273 1323 2454 1405 vidit,
2519 1323 2682 1390 iram

363 1428 610 1514 aliquid
663 1428 1010 1513 continuit;
1058 1429 1173 1493 cfr.
1222 1427 1436 1514 Epist.
1486 1426 1538 1494 1.
1588 1427 1646 1497 8.
1694 1429 1808 1497 43:
2467 1434 2470 1439 ⁴

447 1532 633 1618 „lpse
679 1530 798 1596 sed
842 1529 972 1595 boc
1019 1529 1200 1611 vidit,
1248 1530 1361 1615 qui
1406 1531 1715 1618 providet
1758 1531 1976 1597 omnia
2024 1530 2289 1613 Caesar,

618 1631 978 1702 Stultitiam
1027 1632 1156 1697 dici
1205 1632 1475 1699 crimina
1522 1656 1723 1722 posse
1770 1657 1934 1701 mea.

455 1736 776 1821 „Quaque
826 1758 950 1821 ego
997 1735 1285 1822 permisi,
1333 1759 1596 1823 quaque
1644 1746 1745 1803 est
1789 1760 1896 1803 res
1932 1760 2149 1824 passa,
2197 1736 2514 1824 pepercit,

619 1838 802 1906 Usus
851 1849 917 1903 et
964 1847 1066 1903 est
1113 1839 1368 1905 modice
1413 1840 1702 1907 fulminis
1749 1842 1902 1927 igne
1946 1841 2108 1908 sui.“

537 1944 759 2028 Atque
827 1940 993 2005 baec
1064 1940 1423 2008 moderatio
1470 1943 1758 2029 Augusti
1826 1942 1911 2008 ad
1978 1965 2241 2008 omnem
2307 1941 2485 2008 illam
2552 1964 2690 2007 rem

359 2045 755 2134 pertinuisse
786 2041 1061 2108 videtur.
1111 2044 1426 2131 Legimus
1454 2044 1631 2130 apud
1656 2045 1981 2112 Senecam
2014 2046 2094 2111 de
2119 2045 2398 2114 benefic.
2423 2043 2541 2110 VI.
2567 2045 2680 2114 32:

362 2146 592 2232 „Haec
640 2144 967 2233 („flagitia
1031 2145 1250 2212 Juliae
1314 2146 1565 2233 filiae“)
1615 2169 1746 2214 non
1790 2157 1925 2213 tam
1960 2147 2355 2215 vindicanda
2400 2148 2691 2235 principi

362 2274 555 2337 quam
601 2250 885 2317 tacenda
942 2249 1122 2334 (quia
1189 2251 1599 2335 quarundam
1657 2274 1873 2315 rerum
1957 2251 2300 2339 turpitudo
2362 2251 2556 2317 etiam
2604 2251 2688 2316 ad

360 2355 806 2421 vindicantem
851 2352 1048 2438 redit)
1097 2376 1328 2440 parum
1377 2361 1618 2441 potens
1664 2354 1802 2419 irae
1878 2354 2358 2442 publicaverat.
2431 2353 2690 2421 Deinde

364 2478 510 2525 cum
556 2457 951 2545 interposito
998 2465 1294 2544 tempore
1330 2446 1406 2521 ‘in
1452 2456 1669 2523 locum
1714 2457 1848 2522 irae
1892 2457 2208 2524 subiisset
2267 2458 2690 2543 verecundia,

369 2583 641 2649 gemens
689 2560 868 2646 quod
926 2582 1056 2624 non
1112 2559 1225 2625 illa
1268 2560 1530 2626 silentio
1578 2560 1940 2645 pressisset
1980 2564 2153 2631 etc.“
2244 2561 2457 2644 Quam
2510 2584 2690 2628 vere-

370 2663 677 2731 cundiam
729 2662 886 2749 quin
933 2661 1308 2728 adhibuerit
1351 2663 1418 2728 in
1463 2663 1728 2751 flagitiis
1774 2663 1995 2730 Juliae
2044 2666 2262 2752 neptis
2293 2665 2405 2747 ita,
2455 2675 2527 2729 ut
2556 2687 2689 2730 non

367 2788 573 2852 aeque
624 2789 701 2832 ea
743 2764 1120 2851 publicaret
1165 2788 1241 2831 ac
1288 2765 1620 2832 dedecora
1662 2766 1859 2852 filiae,
1905 2767 2016 2831 vix
2061 2766 2329 2833 dubium
2364 2777 2484 2834 est.
2558 2767 2690 2851 Qui

364 2870 761 2935 eontrarium
795 2868 1224 2956 contendunt,
1268 2869 1447 2935 illam
1481 2870 1948 2937 verecundiam
1984 2869 2250 2935 demum
2285 2879 2483 2957 nepte
2518 2868 2688 2936 rele-

358 2982 509 3058 gata
557 2972 624 3037 in
667 2971 886 3038 locum
953 2971 1087 3036 irae
1158 2971 1461 3054 subiisse,
1532 2973 1922 3060 plerumque
1969 2972 2071 3056 his
2125 2972 2424 3040 Senecae
2472 2972 2691 3040 verbis

359 3075 675 3141 nituntur.
769 3074 1096 3161 ‚,Flagitia
1149 3075 1532 3162 principalis
1597 3075 1831 3143 domus
1887 3077 1951 3141 in
1999 3076 2339 3164 publicum
2401 3076 2689 3164 emisit;“

359 3181 457 3247 sin
521 3185 902 3245 contemtum
974 3176 1172 3263 hujus
1228 3178 1358 3244 loci
1424 3179 1722 3266 respicis,
1799 3179 1964 3246 haec
2038 3182 2239 3247 verba
2294 3188 2549 3247 tantum
2606 3180 2689 3245 ad

357 3282 607 3349 Juliam
674 3281 875 3346 filiam
944 3289 1246 3367 spectare
1313 3280 1469 3345 mihi
1553 3281 1902 3351 concedes
2021 3283 2449 3350 Antecedunt
2516 3284 2688 3350 enim

360 3384 591 3454 verba:
645 3386 1029 3470 „Augustus
1075 3383 1270 3448 filiam
1316 3384 1490 3449 intra
1534 3384 1895 3471 pudicitiae
1945 3384 2368 3453 maledictum
2400 3386 2686 3474 impudi-

359 3512 501 3557 cam
552 3486 943 3574 relegavit“;
993 3490 1142 3570 ,‚‘et‘
1194 3486 1320 3572 (sic
1354 3489 1575 3575 pergit
1604 3488 2132 3576 philosophus).
2142 3490 2408 3577 ,flagitia
2436 3489 2685 3576 princi·

355 3593 522 3683 palis
572 3591 805 3657 domus
851 3590 916 3654 in
964 3589 1298 3676 publicum
1369 3591 1662 3671 emisit‘3‘
1722 3595 1860 3677 jam
1929 3602 2394 3659 enumerantur
2438 3592 2685 3679 flagitia

354 3696 558 3763 filiae:
638 3692 1015 3777 „admissos
1070 3694 1391 3779 gregatim
1458 3694 1796 3760 adulteros
1844 3703 2001 3760 eten
1984 3745 2002 3777 ,
2024 3698 2065 3734 ‘⁶
2112 3696 2392 3781 denique
2450 3693 2679 3761 verba:

360 3801 561 3883 „haec
609 3821 740 3863 non
786 3804 918 3860 tam
967 3795 1363 3862 vindicanda
1408 3797 1691 3884 principi
1742 3820 1934 3882 quam
1983 3797 2266 3864 tacenda
2308 3798 2680 3864 etc“1nse

358 3912 662 3988 quuntur.
758 3898 1025 3963 Nullam
1073 3899 1278 3985 igitur
1326 3900 1796 3985 cogitationem
1843 3899 1948 3965 hic
1998 3899 2078 3965 de
2125 3900 2392 4013 flagitiis
2461 3900 2678 3986 neptis

350 4005 471 4089 „in
491 4005 861 4092 publicum
894 4001 1171 4069 emissis‘
1178 4000 1677 4088 ‘philosophus
1723 4001 1952 4067 habuit
