<?xml version="1.0" encoding="UTF-8"?>
<!DOCTYPE html PUBLIC "-//W3C//DTD XHTML 1.0 Transitional//EN"
    "http://www.w3.org/TR/xhtml1/DTD/xhtml1-transitional.dtd">
<html xmlns="http://www.w3.org/1999/xhtml" xml:lang="en" lang="en">
 <head>
  <title>
</title>
<meta http-equiv="Content-Type" content="text/html;charset=utf-8" />
  <meta name='ocr-system' content='tesseract 3.04.00' />
  <meta name='ocr-capabilities' content='ocr_page ocr_carea ocr_par ocr_line ocrx_word'/>
</head>
<body>
  <div class='ocr_page' id='page_1' title='image "./quibusdecausiso00appegoog_0033.png"; bbox 0 0 2950 4492; ppageno 0'>
   <div class='ocr_carea' id='block_1_1' title="bbox 1491 234 1574 301">
    <p class='ocr_par' dir='ltr' id='par_1_1' title="bbox 1491 234 1574 301">
     <span class='ocr_line' id='line_1_1' title="bbox 1491 234 1574 301; baseline 0 0"><span class='ocrx_word' id='word_1_1' title='bbox 1491 234 1574 301; x_wconf 81' lang='lat'><strong>29</strong></span> 
     </span>
    </p>
   </div>
   <div class='ocr_carea' id='block_1_2' title="bbox 1344 324 1740 340">
    <p class='ocr_par' dir='ltr' id='par_1_2' title="bbox 1344 324 1740 340">
     <span class='ocr_line' id='line_1_2' title="bbox 1344 324 1740 340; baseline 0 4152"><span class='ocrx_word' id='word_1_2' title='bbox 1344 324 1740 340; x_wconf 95' lang='lat' dir='ltr'><strong> </strong></span> 
     </span>
    </p>
   </div>
   <div class='ocr_carea' id='block_1_3' title="bbox 355 402 2695 4098">
    <p class='ocr_par' dir='ltr' id='par_1_3' title="bbox 364 402 2688 1111">
     <span class='ocr_line' id='line_1_3' title="bbox 364 402 2688 494; baseline -0.001 -20"><span class='ocrx_word' id='word_1_3' title='bbox 364 414 537 474; x_wconf 88' lang='lat' dir='ltr'><strong>tates</strong></span> <span class='ocrx_word' id='word_1_4' title='bbox 582 410 1087 494; x_wconf 83' lang='lat' dir='ltr'><strong>promptumque</strong></span> <span class='ocrx_word' id='word_1_5' title='bbox 1163 403 1247 471; x_wconf 86' lang='lat' dir='ltr'><strong>ad</strong></span> <span class='ocrx_word' id='word_1_6' title='bbox 1290 402 1652 490; x_wconf 71' lang='lat' dir='ltr'><strong>lasciviam,</strong></span> <span class='ocrx_word' id='word_1_7' title='bbox 1708 418 1777 472; x_wconf 86' lang='lat' dir='ltr'><strong>et</strong></span> <span class='ocrx_word' id='word_1_8' title='bbox 1819 411 2027 472; x_wconf 87' lang='lat' dir='ltr'><strong>omnis</strong></span> <span class='ocrx_word' id='word_1_9' title='bbox 2073 407 2436 473; x_wconf 80' lang='lat' dir='ltr'><strong>carminum</strong></span> <span class='ocrx_word' id='word_1_10' title='bbox 2504 402 2688 473; x_wconf 89' lang='lat' dir='ltr'><strong>color</strong></span> 
     </span>
     <span class='ocr_line' id='line_1_4' title="bbox 367 508 2278 596; baseline 0.001 -20"><span class='ocrx_word' id='word_1_11' title='bbox 367 510 566 576; x_wconf 89' lang='lat' dir='ltr'><strong>docet</strong></span> <span class='ocrx_word' id='word_1_12' title='bbox 610 518 677 575; x_wconf 89' lang='lat' dir='ltr'><strong>et</strong></span> <span class='ocrx_word' id='word_1_13' title='bbox 719 509 862 596; x_wconf 89' lang='lat' dir='ltr'><strong>ipse</strong></span> <span class='ocrx_word' id='word_1_14' title='bbox 910 509 1155 575; x_wconf 82' lang='lat' dir='ltr'><strong>diserte</strong></span> <span class='ocrx_word' id='word_1_15' title='bbox 1204 509 1570 592; x_wconf 89' lang='lat' dir='ltr'><strong>confirmat,</strong></span> <span class='ocrx_word' id='word_1_16' title='bbox 1614 509 1709 575; x_wconf 89' lang='lat' dir='ltr'><strong>ita</strong></span> <span class='ocrx_word' id='word_1_17' title='bbox 1755 508 1836 574; x_wconf 93' lang='lat' dir='ltr'><strong>de</strong></span> <span class='ocrx_word' id='word_1_18' title='bbox 1885 530 1956 574; x_wconf 91' lang='lat' dir='ltr'><strong>se</strong></span> <span class='ocrx_word' id='word_1_19' title='bbox 2005 508 2278 577; x_wconf 89' lang='lat' dir='ltr'><strong>dicens:</strong></span> 
     </span>
     <span class='ocr_line' id='line_1_5' title="bbox 367 612 971 681; baseline 0.003 -3"><span class='ocrx_word' id='word_1_20' title='bbox 367 614 500 679; x_wconf 89' lang='lat' dir='ltr'><strong>Ars</strong></span> <span class='ocrx_word' id='word_1_21' title='bbox 547 636 604 679; x_wconf 87' lang='lat' dir='ltr'><strong>a.</strong></span> <span class='ocrx_word' id='word_1_22' title='bbox 649 612 791 681; x_wconf 91' lang='lat'>111..</span> <span class='ocrx_word' id='word_1_23' title='bbox 828 614 971 680; x_wconf 80' lang='lat'>121.</span> 
     </span>
     <span class='ocr_line' id='line_1_6' title="bbox 453 713 2389 802; baseline -0.001 -20"><span class='ocrx_word' id='word_1_24' title='bbox 453 717 726 801; x_wconf 89' lang='lat' dir='ltr'><strong>„Prisca</strong></span> <span class='ocrx_word' id='word_1_25' title='bbox 759 718 997 802; x_wconf 85' lang='lat' dir='ltr'><strong>juvent</strong></span> <span class='ocrx_word' id='word_1_26' title='bbox 1037 715 1234 781; x_wconf 84' lang='lat' dir='ltr'><strong>alios:</strong></span> <span class='ocrx_word' id='word_1_27' title='bbox 1280 737 1406 801; x_wconf 89' lang='lat' dir='ltr'><strong>ego</strong></span> <span class='ocrx_word' id='word_1_28' title='bbox 1455 736 1559 779; x_wconf 91' lang='lat' dir='ltr'><strong>me</strong></span> <span class='ocrx_word' id='word_1_29' title='bbox 1604 736 1779 780; x_wconf 88' lang='lat' dir='ltr'><strong>nunc</strong></span> <span class='ocrx_word' id='word_1_30' title='bbox 1827 713 2111 799; x_wconf 85' lang='lat' dir='ltr'><strong>denique</strong></span> <span class='ocrx_word' id='word_1_31' title='bbox 2162 723 2389 780; x_wconf 90' lang='lat' dir='ltr'><strong>natum</strong></span> 
     </span>
     <span class='ocr_line' id='line_1_7' title="bbox 623 816 2217 904; baseline -0.001 -19"><span class='ocrx_word' id='word_1_32' title='bbox 623 817 962 902; x_wconf 82' lang='lat' dir='ltr'>Gratulor,</span> <span class='ocrx_word' id='word_1_33' title='bbox 1007 816 1173 883; x_wconf 88' lang='lat' dir='ltr'><strong>haec</strong></span> <span class='ocrx_word' id='word_1_34' title='bbox 1219 826 1398 883; x_wconf 83' lang='lat' dir='ltr'><strong>aetas</strong></span> <span class='ocrx_word' id='word_1_35' title='bbox 1447 818 1740 884; x_wconf 88' lang='lat' dir='ltr'><strong>moribus</strong></span> <span class='ocrx_word' id='word_1_36' title='bbox 1786 826 1941 904; x_wconf 87' lang='lat' dir='ltr'><strong>apta</strong></span> <span class='ocrx_word' id='word_1_37' title='bbox 1985 818 2217 883; x_wconf 79' lang='lat' dir='ltr'><strong>meiS.“</strong></span> 
     </span>
     <span class='ocr_line' id='line_1_8' title="bbox 368 920 1149 1002; baseline -0.004 -12"><span class='ocrx_word' id='word_1_38' title='bbox 368 933 436 990; x_wconf 89' lang='lat' dir='ltr'><strong>et</strong></span> <span class='ocrx_word' id='word_1_39' title='bbox 480 923 681 995; x_wconf 79' lang='lat' dir='ltr'><strong>Trist,</strong></span> <span class='ocrx_word' id='word_1_40' title='bbox 725 920 848 986; x_wconf 90' lang='lat' dir='ltr'><strong>IV.</strong></span> <span class='ocrx_word' id='word_1_41' title='bbox 905 923 1002 1002; x_wconf 87' lang='lat'><strong>10,</strong></span> <span class='ocrx_word' id='word_1_42' title='bbox 1047 920 1149 992; x_wconf 84' lang='lat'><strong>65.</strong></span> 
     </span>
     <span class='ocr_line' id='line_1_9' title="bbox 452 1021 2051 1111; baseline -0.003 -19"><span class='ocrx_word' id='word_1_43' title='bbox 452 1021 705 1109; x_wconf 88' lang='lat' dir='ltr'><strong>„Molle</strong></span> <span class='ocrx_word' id='word_1_44' title='bbox 751 1023 1121 1111; x_wconf 79' lang='lat' dir='ltr'><strong>cupidineis</strong></span> <span class='ocrx_word' id='word_1_45' title='bbox 1167 1045 1290 1089; x_wconf 87' lang='lat' dir='ltr'><strong>nec</strong></span> <span class='ocrx_word' id='word_1_46' title='bbox 1335 1022 1849 1109; x_wconf 81' lang='lat' dir='ltr'><strong>inexpugnabile</strong></span> <span class='ocrx_word' id='word_1_47' title='bbox 1895 1022 2051 1088; x_wconf 87' lang='lat' dir='ltr'><strong>telis</strong></span> 
     </span>
    </p>

    <p class='ocr_par' dir='ltr' id='par_1_4' title="bbox 577 1125 2359 1211">
     <span class='ocr_line' id='line_1_10' title="bbox 577 1125 2359 1211; baseline -0.002 -17"><span class='ocrx_word' id='word_1_48' title='bbox 577 1127 713 1194; x_wconf 86' lang='lat' dir='ltr'><strong>Cor</strong></span> <span class='ocrx_word' id='word_1_49' title='bbox 758 1125 935 1208; x_wconf 90' lang='lat' dir='ltr'><strong>mihi,</strong></span> <span class='ocrx_word' id='word_1_50' title='bbox 981 1125 1289 1211; x_wconf 89' lang='lat' dir='ltr'><strong>quodque</strong></span> <span class='ocrx_word' id='word_1_51' title='bbox 1335 1125 1499 1191; x_wconf 88' lang='lat' dir='ltr'><strong>levis</strong></span> <span class='ocrx_word' id='word_1_52' title='bbox 1546 1147 1746 1192; x_wconf 86' lang='lat' dir='ltr'><strong>causa</strong></span> <span class='ocrx_word' id='word_1_53' title='bbox 1791 1135 2106 1207; x_wconf 88' lang='lat' dir='ltr'><strong>moveret,</strong></span> <span class='ocrx_word' id='word_1_54' title='bbox 2154 1125 2359 1191; x_wconf 86' lang='lat' dir='ltr'><strong>erat.“</strong></span> 
     </span>
    </p>

    <p class='ocr_par' dir='ltr' id='par_1_5' title="bbox 364 1228 2694 2035">
     <span class='ocr_line' id='line_1_11' title="bbox 541 1228 2693 1316; baseline -0.001 -20"><span class='ocrx_word' id='word_1_55' title='bbox 541 1231 772 1299; x_wconf 88' lang='lat' dir='ltr'><strong>Altera</strong></span> <span class='ocrx_word' id='word_1_56' title='bbox 845 1252 926 1294; x_wconf 85' lang='lat' dir='ltr'><strong>ex</strong></span> <span class='ocrx_word' id='word_1_57' title='bbox 991 1237 1177 1316; x_wconf 88' lang='lat' dir='ltr'><strong>parte</strong></span> <span class='ocrx_word' id='word_1_58' title='bbox 1253 1229 1525 1295; x_wconf 91' lang='lat' dir='ltr'><strong>dubium</strong></span> <span class='ocrx_word' id='word_1_59' title='bbox 1591 1251 1721 1294; x_wconf 89' lang='lat' dir='ltr'><strong>non</strong></span> <span class='ocrx_word' id='word_1_60' title='bbox 1782 1236 1900 1310; x_wconf 89' lang='lat' dir='ltr'><strong>est,</strong></span> <span class='ocrx_word' id='word_1_61' title='bbox 1978 1228 2134 1313; x_wconf 89' lang='lat' dir='ltr'><strong>quin</strong></span> <span class='ocrx_word' id='word_1_62' title='bbox 2206 1228 2255 1293; x_wconf 82' lang='lat' dir='ltr'><em>J</em></span> <span class='ocrx_word' id='word_1_63' title='bbox 2261 1228 2391 1293; x_wconf 84' lang='lat' dir='ltr'><strong>ulia</strong></span> <span class='ocrx_word' id='word_1_64' title='bbox 2445 1228 2693 1295; x_wconf 77' lang='lat' dir='ltr'><strong>lasciva</strong></span> 
     </span>
     <span class='ocr_line' id='line_1_12' title="bbox 366 1331 2694 1419; baseline 0 -21"><span class='ocrx_word' id='word_1_65' title='bbox 366 1332 708 1419; x_wconf 84' lang='lat' dir='ltr'><strong>(videlicet</strong></span> <span class='ocrx_word' id='word_1_66' title='bbox 767 1343 925 1398; x_wconf 90' lang='lat' dir='ltr'><strong>natu</strong></span> <span class='ocrx_word' id='word_1_67' title='bbox 992 1331 1222 1414; x_wconf 87' lang='lat' dir='ltr'><strong>minor,</strong></span> <span class='ocrx_word' id='word_1_68' title='bbox 1291 1331 1373 1397; x_wconf 93' lang='lat' dir='ltr'><strong>de</strong></span> <span class='ocrx_word' id='word_1_69' title='bbox 1442 1355 1574 1417; x_wconf 89' lang='lat' dir='ltr'><strong>qua</strong></span> <span class='ocrx_word' id='word_1_70' title='bbox 1616 1331 1761 1398; x_wconf 91' lang='lat' dir='ltr'><strong>sola</strong></span> <span class='ocrx_word' id='word_1_71' title='bbox 1804 1354 1976 1396; x_wconf 92' lang='lat' dir='ltr'><strong>nunc</strong></span> <span class='ocrx_word' id='word_1_72' title='bbox 2023 1331 2387 1417; x_wconf 89' lang='lat' dir='ltr'><strong>quaeritur)</strong></span> <span class='ocrx_word' id='word_1_73' title='bbox 2465 1331 2694 1398; x_wconf 86' lang='lat' dir='ltr'><strong>dedita</strong></span> 
     </span>
     <span class='ocr_line' id='line_1_13' title="bbox 364 1432 2692 1523; baseline -0 -22"><span class='ocrx_word' id='word_1_74' title='bbox 364 1437 563 1502; x_wconf 87' lang='lat' dir='ltr'><strong>fuerit</strong></span> <span class='ocrx_word' id='word_1_75' title='bbox 583 1444 820 1523; x_wconf 85' lang='lat' dir='ltr'><strong>poetae</strong></span> <span class='ocrx_word' id='word_1_76' title='bbox 845 1433 1234 1516; x_wconf 87' lang='lat' dir='ltr'><strong>Heroidum,</strong></span> <span class='ocrx_word' id='word_1_77' title='bbox 1264 1439 1594 1518; x_wconf 89' lang='lat' dir='ltr'><strong>Amorum,</strong></span> <span class='ocrx_word' id='word_1_78' title='bbox 1627 1432 2163 1516; x_wconf 87' lang='lat' dir='ltr'><strong>Medicaminum,</strong></span> <span class='ocrx_word' id='word_1_79' title='bbox 2198 1435 2381 1501; x_wconf 90' lang='lat' dir='ltr'><strong>Artis</strong></span> <span class='ocrx_word' id='word_1_80' title='bbox 2412 1434 2692 1517; x_wconf 88' lang='lat' dir='ltr'><strong>amandi,</strong></span> 
     </span>
     <span class='ocr_line' id='line_1_14' title="bbox 365 1536 2693 1624; baseline -0.001 -19"><span class='ocrx_word' id='word_1_81' title='bbox 365 1538 828 1605; x_wconf 85' lang='lat' dir='ltr'><strong>Remediorum</strong></span> <span class='ocrx_word' id='word_1_82' title='bbox 875 1536 1486 1622; x_wconf 88' lang='lat' dir='ltr'><strong>studiosissimaque</strong></span> <span class='ocrx_word' id='word_1_83' title='bbox 1533 1536 1766 1602; x_wconf 90' lang='lat' dir='ltr'><strong>horum</strong></span> <span class='ocrx_word' id='word_1_84' title='bbox 1810 1536 2189 1603; x_wconf 87' lang='lat' dir='ltr'><strong>carminum.</strong></span> <span class='ocrx_word' id='word_1_85' title='bbox 2283 1536 2460 1622; x_wconf 79' lang='lat' dir='ltr'><strong>Quid</strong></span> <span class='ocrx_word' id='word_1_86' title='bbox 2490 1538 2693 1624; x_wconf 86' lang='lat' dir='ltr'><strong>igitur</strong></span> 
     </span>
     <span class='ocr_line' id='line_1_15' title="bbox 369 1638 2688 1727; baseline 0 -22"><span class='ocrx_word' id='word_1_87' title='bbox 369 1640 800 1723; x_wconf 81' lang='lat' dir='ltr'><strong>verisimilius,</strong></span> <span class='ocrx_word' id='word_1_88' title='bbox 849 1662 1044 1725; x_wconf 89' lang='lat' dir='ltr'><strong>quam</strong></span> <span class='ocrx_word' id='word_1_89' title='bbox 1090 1638 1637 1705; x_wconf 90' lang='lat' dir='ltr'><strong>consuetudinem</strong></span> <span class='ocrx_word' id='word_1_90' title='bbox 1684 1662 1762 1704; x_wconf 90' lang='lat' dir='ltr'><strong>ac</strong></span> <span class='ocrx_word' id='word_1_91' title='bbox 1806 1639 2309 1705; x_wconf 80' lang='lat' dir='ltr'><strong>familiaritatem</strong></span> <span class='ocrx_word' id='word_1_92' title='bbox 2359 1640 2688 1727; x_wconf 86' lang='lat' dir='ltr'><strong>quandam</strong></span> 
     </span>
     <span class='ocr_line' id='line_1_16' title="bbox 366 1741 2691 1830; baseline 0.002 -24"><span class='ocrx_word' id='word_1_93' title='bbox 366 1743 538 1809; x_wconf 89' lang='lat' dir='ltr'><strong>inter</strong></span> <span class='ocrx_word' id='word_1_94' title='bbox 567 1744 895 1823; x_wconf 80' lang='lat' dir='ltr'><strong>Nasonem</strong></span> <span class='ocrx_word' id='word_1_95' title='bbox 942 1750 1011 1807; x_wconf 90' lang='lat' dir='ltr'><strong>et</strong></span> <span class='ocrx_word' id='word_1_96' title='bbox 1036 1741 1286 1808; x_wconf 80' lang='lat' dir='ltr'><strong>Juliam</strong></span> <span class='ocrx_word' id='word_1_97' title='bbox 1328 1742 1809 1825; x_wconf 79' lang='lat' dir='ltr'><strong>intercessisse,</strong></span> <span class='ocrx_word' id='word_1_98' title='bbox 1857 1744 2244 1830; x_wconf 87' lang='lat' dir='ltr'><strong>praesertim</strong></span> <span class='ocrx_word' id='word_1_99' title='bbox 2294 1766 2444 1809; x_wconf 90' lang='lat' dir='ltr'><strong>cum</strong></span> <span class='ocrx_word' id='word_1_100' title='bbox 2476 1742 2691 1810; x_wconf 90' lang='lat' dir='ltr'><strong>aditus</strong></span> 
     </span>
     <span class='ocr_line' id='line_1_17' title="bbox 366 1844 2692 1933; baseline 0.001 -22"><span class='ocrx_word' id='word_1_101' title='bbox 366 1846 453 1911; x_wconf 86' lang='lat' dir='ltr'><strong>ad</strong></span> <span class='ocrx_word' id='word_1_102' title='bbox 497 1846 765 1912; x_wconf 91' lang='lat' dir='ltr'><strong>domum</strong></span> <span class='ocrx_word' id='word_1_103' title='bbox 811 1845 1116 1912; x_wconf 84' lang='lat' dir='ltr'><strong>Caesaris</strong></span> <span class='ocrx_word' id='word_1_104' title='bbox 1183 1854 1420 1933; x_wconf 86' lang='lat' dir='ltr'><strong>poetae</strong></span> <span class='ocrx_word' id='word_1_105' title='bbox 1492 1849 1795 1933; x_wconf 56' lang='lat' dir='ltr'><strong>pateret?</strong></span> <span class='ocrx_word' id='word_1_106' title='bbox 1898 1844 2117 1929; x_wconf 78' lang='lat' dir='ltr'><strong>Quam</strong></span> <span class='ocrx_word' id='word_1_107' title='bbox 2184 1847 2692 1914; x_wconf 79' lang='lat' dir='ltr'><strong>familiaritatem</strong></span> 
     </span>
     <span class='ocr_line' id='line_1_18' title="bbox 366 1947 1864 2035; baseline 0.001 -21"><span class='ocrx_word' id='word_1_108' title='bbox 366 1948 742 2035; x_wconf 87' lang='lat' dir='ltr'><strong>significare</strong></span> <span class='ocrx_word' id='word_1_109' title='bbox 794 1949 1057 2014; x_wconf 84' lang='lat' dir='ltr'><strong>videtur</strong></span> <span class='ocrx_word' id='word_1_110' title='bbox 1099 1949 1303 2016; x_wconf 86' lang='lat' dir='ltr'><strong>Trist.</strong></span> <span class='ocrx_word' id='word_1_111' title='bbox 1352 1947 1474 2012; x_wconf 93' lang='lat'>111.</span> <span class='ocrx_word' id='word_1_112' title='bbox 1522 1951 1584 2030; x_wconf 88' lang='grc'><strong>4,</strong></span> <span class='ocrx_word' id='word_1_113' title='bbox 1630 1950 1864 2016; x_wconf 87' lang='grc'><strong>4-30.</strong></span> 
     </span>
    </p>

    <p class='ocr_par' dir='ltr' id='par_1_6' title="bbox 355 2050 2695 3872">
     <span class='ocr_line' id='line_1_19' title="bbox 541 2050 2692 2138; baseline 0.001 -21"><span class='ocrx_word' id='word_1_114' title='bbox 541 2050 732 2135; x_wconf 78' lang='lat' dir='ltr'><strong>Quae</strong></span> <span class='ocrx_word' id='word_1_115' title='bbox 794 2073 942 2117; x_wconf 90' lang='lat' dir='ltr'><strong>cum</strong></span> <span class='ocrx_word' id='word_1_116' title='bbox 986 2052 1077 2118; x_wconf 90' lang='lat' dir='ltr'><strong>ita</strong></span> <span class='ocrx_word' id='word_1_117' title='bbox 1121 2053 1274 2132; x_wconf 85' lang='lat' dir='ltr'><strong>sint,</strong></span> <span class='ocrx_word' id='word_1_118' title='bbox 1341 2050 1654 2116; x_wconf 88' lang='lat' dir='ltr'><strong>facillime</strong></span> <span class='ocrx_word' id='word_1_119' title='bbox 1700 2051 1845 2116; x_wconf 88' lang='lat' dir='ltr'><strong>fieri</strong></span> <span class='ocrx_word' id='word_1_120' title='bbox 1893 2060 2176 2138; x_wconf 87' lang='lat' dir='ltr'><strong>poterat,</strong></span> <span class='ocrx_word' id='word_1_121' title='bbox 2247 2063 2322 2117; x_wconf 87' lang='lat' dir='ltr'><strong>ut</strong></span> <span class='ocrx_word' id='word_1_122' title='bbox 2389 2052 2692 2135; x_wconf 85' lang='lat' dir='ltr'><strong>Ovidius,</strong></span> 
     </span>
     <span class='ocr_line' id='line_1_20' title="bbox 368 2153 2695 2242; baseline 0.001 -22"><span class='ocrx_word' id='word_1_123' title='bbox 368 2163 722 2241; x_wconf 87' lang='lat' dir='ltr'><strong>postquam</strong></span> <span class='ocrx_word' id='word_1_124' title='bbox 753 2153 803 2219; x_wconf 82' lang='lat' dir='ltr'><strong>J</strong></span> <span class='ocrx_word' id='word_1_125' title='bbox 810 2154 1008 2219; x_wconf 91' lang='lat' dir='ltr'><strong>uliam</strong></span> <span class='ocrx_word' id='word_1_126' title='bbox 1055 2154 1123 2220; x_wconf 89' lang='lat' dir='ltr'><strong>in</strong></span> <span class='ocrx_word' id='word_1_127' title='bbox 1169 2154 1391 2241; x_wconf 83' lang='lat' dir='ltr'><strong>aliquo</strong></span> <span class='ocrx_word' id='word_1_128' title='bbox 1438 2153 1690 2241; x_wconf 86' lang='lat' dir='ltr'><strong>flagitio</strong></span> <span class='ocrx_word' id='word_1_129' title='bbox 1725 2154 2079 2242; x_wconf 84' lang='lat' dir='ltr'><strong>oppressit,</strong></span> <span class='ocrx_word' id='word_1_130' title='bbox 2132 2155 2212 2221; x_wconf 90' lang='lat' dir='ltr'><strong>ab</strong></span> <span class='ocrx_word' id='word_1_131' title='bbox 2248 2178 2327 2221; x_wconf 84' lang='lat' dir='ltr'><strong>ea</strong></span> <span class='ocrx_word' id='word_1_132' title='bbox 2356 2155 2438 2222; x_wconf 87' lang='lat' dir='ltr'><strong>ad</strong></span> <span class='ocrx_word' id='word_1_133' title='bbox 2486 2156 2695 2222; x_wconf 89' lang='lat' dir='ltr'><strong>socie-</strong></span> 
     </span>
     <span class='ocr_line' id='line_1_21' title="bbox 364 2255 2695 2346; baseline 0 -24"><span class='ocrx_word' id='word_1_134' title='bbox 364 2265 568 2323; x_wconf 87' lang='lat' dir='ltr'><strong>tatem</strong></span> <span class='ocrx_word' id='word_1_135' title='bbox 613 2255 1067 2338; x_wconf 84' lang='lat' dir='ltr'><strong>adhiberetur3</strong></span> <span class='ocrx_word' id='word_1_136' title='bbox 1119 2258 1418 2344; x_wconf 86' lang='lat' dir='ltr'><strong>quamvis</strong></span> <span class='ocrx_word' id='word_1_137' title='bbox 1464 2256 1636 2322; x_wconf 89' lang='lat' dir='ltr'><strong>enim</strong></span> <span class='ocrx_word' id='word_1_138' title='bbox 1682 2258 1982 2344; x_wconf 87' lang='lat' dir='ltr'><strong>primum,</strong></span> <span class='ocrx_word' id='word_1_139' title='bbox 2033 2258 2387 2325; x_wconf 87' lang='lat' dir='ltr'><strong>amicitiam</strong></span> <span class='ocrx_word' id='word_1_140' title='bbox 2421 2259 2695 2346; x_wconf 87' lang='lat' dir='ltr'><strong>Augusti</strong></span> 
     </span>
     <span class='ocr_line' id='line_1_22' title="bbox 366 2359 2691 2456; baseline 0.002 -31"><span class='ocrx_word' id='word_1_141' title='bbox 366 2359 953 2456; x_wconf 26' lang='lat' dir='ltr'><strong>verecundiam-que</strong></span> <span class='ocrx_word' id='word_1_142' title='bbox 986 2363 1127 2447; x_wconf 85' lang='lat' dir='ltr'><strong>ejus</strong></span> <span class='ocrx_word' id='word_1_143' title='bbox 1149 2361 1532 2448; x_wconf 89' lang='lat' dir='ltr'><strong>respiciens,</strong></span> <span class='ocrx_word' id='word_1_144' title='bbox 1563 2361 1926 2428; x_wconf 89' lang='lat' dir='ltr'><strong>reluctatus</strong></span> <span class='ocrx_word' id='word_1_145' title='bbox 1953 2372 2148 2445; x_wconf 89' lang='lat' dir='ltr'><strong>esset,</strong></span> <span class='ocrx_word' id='word_1_146' title='bbox 2181 2374 2399 2453; x_wconf 66' lang='lat' dir='ltr'><strong>tamen</strong></span> <span class='ocrx_word' id='word_1_147' title='bbox 2421 2361 2471 2427; x_wconf 82' lang='lat' dir='ltr'><strong>J</strong></span> <span class='ocrx_word' id='word_1_148' title='bbox 2473 2363 2691 2449; x_wconf 86' lang='lat' dir='ltr'><strong>uliam,</strong></span> 
     </span>
     <span class='ocr_line' id='line_1_23' title="bbox 367 2460 2693 2551; baseline 0.002 -22"><span class='ocrx_word' id='word_1_149' title='bbox 367 2465 555 2549; x_wconf 84' lang='lat' dir='ltr'><strong>cujus</strong></span> <span class='ocrx_word' id='word_1_150' title='bbox 599 2460 953 2550; x_wconf 86' lang='lat' dir='ltr'><strong>plurimum</strong></span> <span class='ocrx_word' id='word_1_151' title='bbox 998 2463 1338 2547; x_wconf 85' lang='lat' dir='ltr'><strong>intererat,</strong></span> <span class='ocrx_word' id='word_1_152' title='bbox 1388 2488 1470 2529; x_wconf 92' lang='lat' dir='ltr'><strong>ne</strong></span> <span class='ocrx_word' id='word_1_153' title='bbox 1506 2463 1663 2549; x_wconf 88' lang='lat' dir='ltr'><strong>quid</strong></span> <span class='ocrx_word' id='word_1_154' title='bbox 1710 2472 1911 2551; x_wconf 86' lang='lat' dir='ltr'><strong>poeta</strong></span> <span class='ocrx_word' id='word_1_155' title='bbox 1958 2467 2344 2548; x_wconf 76' lang='lat' dir='ltr'><strong>enuntiaret,</strong></span> <span class='ocrx_word' id='word_1_156' title='bbox 2389 2465 2568 2551; x_wconf 89' lang='lat' dir='ltr'><strong>nihil,</strong></span> <span class='ocrx_word' id='word_1_157' title='bbox 2614 2490 2693 2533; x_wconf 84' lang='lat' dir='ltr'><strong>ac</strong></span> 
     </span>
     <span class='ocr_line' id='line_1_24' title="bbox 363 2564 2692 2655; baseline 0.002 -25"><span class='ocrx_word' id='word_1_158' title='bbox 363 2587 446 2631; x_wconf 90' lang='lat' dir='ltr'><strong>ne</strong></span> <span class='ocrx_word' id='word_1_159' title='bbox 493 2564 698 2632; x_wconf 89' lang='lat' dir='ltr'><strong>minas</strong></span> <span class='ocrx_word' id='word_1_160' title='bbox 746 2566 1031 2653; x_wconf 89' lang='lat' dir='ltr'><strong>quidem,</strong></span> <span class='ocrx_word' id='word_1_161' title='bbox 1087 2575 1161 2632; x_wconf 90' lang='lat' dir='ltr'><strong>ut</strong></span> <span class='ocrx_word' id='word_1_162' title='bbox 1207 2567 1266 2633; x_wconf 91' lang='lat' dir='ltr'><strong>ei</strong></span> <span class='ocrx_word' id='word_1_163' title='bbox 1310 2567 1761 2655; x_wconf 88' lang='lat' dir='ltr'><strong>persuaderet,</strong></span> <span class='ocrx_word' id='word_1_164' title='bbox 1820 2567 2120 2634; x_wconf 91' lang='lat' dir='ltr'><strong>omisisse</strong></span> <span class='ocrx_word' id='word_1_165' title='bbox 2178 2577 2692 2635; x_wconf 88' lang='lat' dir='ltr'><strong>consentaneum</strong></span> 
     </span>
     <span class='ocr_line' id='line_1_25' title="bbox 364 2666 2692 2758; baseline 0.003 -26"><span class='ocrx_word' id='word_1_166' title='bbox 364 2677 485 2735; x_wconf 89' lang='lat' dir='ltr'><strong>est.</strong></span> <span class='ocrx_word' id='word_1_167' title='bbox 556 2666 671 2734; x_wconf 92' lang='lat' dir='ltr'><strong>Sic</strong></span> <span class='ocrx_word' id='word_1_168' title='bbox 693 2668 805 2734; x_wconf 90' lang='lat' dir='ltr'><strong>ille</strong></span> <span class='ocrx_word' id='word_1_169' title='bbox 843 2678 910 2735; x_wconf 91' lang='lat' dir='ltr'><strong>et</strong></span> <span class='ocrx_word' id='word_1_170' title='bbox 948 2669 1413 2736; x_wconf 88' lang='lat' dir='ltr'><strong>calumniosam</strong></span> <span class='ocrx_word' id='word_1_171' title='bbox 1442 2670 1735 2758; x_wconf 88' lang='lat' dir='ltr'><strong>potentis</strong></span> <span class='ocrx_word' id='word_1_172' title='bbox 1765 2670 2054 2736; x_wconf 83' lang='lat' dir='ltr'><strong>mulieris</strong></span> <span class='ocrx_word' id='word_1_173' title='bbox 2079 2670 2366 2757; x_wconf 87' lang='lat' dir='ltr'><strong>linguam</strong></span> <span class='ocrx_word' id='word_1_174' title='bbox 2394 2680 2692 2738; x_wconf 90' lang='lat' dir='ltr'><strong>metuens</strong></span> 
     </span>
     <span class='ocr_line' id='line_1_26' title="bbox 365 2772 2689 2860; baseline 0.002 -24"><span class='ocrx_word' id='word_1_175' title='bbox 365 2779 431 2836; x_wconf 89' lang='lat' dir='ltr'><strong>et</strong></span> <span class='ocrx_word' id='word_1_176' title='bbox 459 2793 580 2838; x_wconf 92' lang='lat' dir='ltr'><strong>suo</strong></span> <span class='ocrx_word' id='word_1_177' title='bbox 612 2772 883 2858; x_wconf 88' lang='lat' dir='ltr'><strong>proprio</strong></span> <span class='ocrx_word' id='word_1_178' title='bbox 915 2772 1163 2838; x_wconf 87' lang='lat' dir='ltr'><strong>lascivo</strong></span> <span class='ocrx_word' id='word_1_179' title='bbox 1198 2773 1412 2841; x_wconf 88' lang='lat' dir='ltr'><strong>animo</strong></span> <span class='ocrx_word' id='word_1_180' title='bbox 1443 2773 1790 2860; x_wconf 86' lang='lat' dir='ltr'><strong>indulgens</strong></span> <span class='ocrx_word' id='word_1_181' title='bbox 1816 2773 2174 2840; x_wconf 87' lang='lat' dir='ltr'><strong>obsecutus</strong></span> <span class='ocrx_word' id='word_1_182' title='bbox 2210 2782 2343 2854; x_wconf 82' lang='lat' dir='ltr'><strong>est3</strong></span> <span class='ocrx_word' id='word_1_183' title='bbox 2371 2774 2689 2859; x_wconf 88' lang='lat' dir='ltr'><strong>,‚malus“,</strong></span> 
     </span>
     <span class='ocr_line' id='line_1_27' title="bbox 360 2873 2684 2966; baseline 0.004 -28"><span class='ocrx_word' id='word_1_184' title='bbox 360 2873 590 2962; x_wconf 84' lang='lat' dir='ltr'><strong>inquit,</strong></span> <span class='ocrx_word' id='word_1_185' title='bbox 641 2897 865 2959; x_wconf 87' lang='lat' dir='ltr'><strong>„error</strong></span> <span class='ocrx_word' id='word_1_186' title='bbox 912 2876 1353 2963; x_wconf 80' lang='lat' dir='ltr'><strong>meabstulit3</strong></span> <span class='ocrx_word' id='word_1_187' title='bbox 1404 2878 1527 2963; x_wconf 77' lang='lat' dir='ltr'><strong>(ein</strong></span> <span class='ocrx_word' id='word_1_188' title='bbox 1557 2876 1842 2960; x_wconf 65' lang='lat' dir='ltr'><strong>unfeliget</strong></span> <span class='ocrx_word' id='word_1_189' title='bbox 1874 2876 2071 2960; x_wconf 56' lang='lat' dir='ltr'><strong>{Baba</strong></span> <span class='ocrx_word' id='word_1_190' title='bbox 2113 2878 2213 2960; x_wconf 70' lang='lat' dir='ltr'><strong>bat</strong></span> <span class='ocrx_word' id='word_1_191' title='bbox 2255 2878 2394 2957; x_wconf 74' lang='lat' dir='ltr'><strong>mid)</strong></span> <span class='ocrx_word' id='word_1_192' title='bbox 2441 2877 2684 2966; x_wconf 68' lang='lat' dir='ltr'><strong>betiicrt)</strong></span> 
     </span>
     <span class='ocr_line' id='line_1_28' title="bbox 361 2977 2681 3066; baseline 0.002 -24"><span class='ocrx_word' id='word_1_193' title='bbox 361 2977 453 3042; x_wconf 91' lang='lat' dir='ltr'><strong>nil</strong></span> <span class='ocrx_word' id='word_1_194' title='bbox 496 2978 621 3044; x_wconf 91' lang='lat' dir='ltr'><strong>nisi</strong></span> <span class='ocrx_word' id='word_1_195' title='bbox 689 3001 823 3044; x_wconf 90' lang='lat' dir='ltr'><strong>non</strong></span> <span class='ocrx_word' id='word_1_196' title='bbox 891 2978 1155 3065; x_wconf 88' lang='lat' dir='ltr'><strong>sapiens</strong></span> <span class='ocrx_word' id='word_1_197' title='bbox 1219 2979 1620 3064; x_wconf 89' lang='lat' dir='ltr'><strong>timidusque</strong></span> <span class='ocrx_word' id='word_1_198' title='bbox 1666 3001 1939 3066; x_wconf 89' lang='lat' dir='ltr'><strong>possum</strong></span> <span class='ocrx_word' id='word_1_199' title='bbox 1995 2979 2250 3059; x_wconf 80' lang='lat' dir='ltr'><strong>vocari3</strong></span> <span class='ocrx_word' id='word_1_200' title='bbox 2319 2978 2484 3045; x_wconf 90' lang='lat' dir='ltr'><strong>haec</strong></span> <span class='ocrx_word' id='word_1_201' title='bbox 2548 2979 2681 3046; x_wconf 92' lang='lat' dir='ltr'><strong>duo</strong></span> 
     </span>
     <span class='ocr_line' id='line_1_29' title="bbox 361 3080 2687 3150; baseline 0.002 -4"><span class='ocrx_word' id='word_1_202' title='bbox 361 3089 512 3146; x_wconf 89' lang='lat' dir='ltr'><strong>sunt</strong></span> <span class='ocrx_word' id='word_1_203' title='bbox 558 3104 713 3147; x_wconf 88' lang='lat' dir='ltr'><strong>vera</strong></span> <span class='ocrx_word' id='word_1_204' title='bbox 779 3080 979 3147; x_wconf 90' lang='lat' dir='ltr'><strong>animi</strong></span> <span class='ocrx_word' id='word_1_205' title='bbox 1023 3082 1356 3148; x_wconf 86' lang='lat' dir='ltr'><strong>nomina.“</strong></span> <span class='ocrx_word' id='word_1_206' title='bbox 1442 3081 1577 3147; x_wconf 91' lang='lat' dir='ltr'><strong>Hic</strong></span> <span class='ocrx_word' id='word_1_207' title='bbox 1645 3091 1862 3147; x_wconf 88' lang='lat' dir='ltr'><strong>autem</strong></span> <span class='ocrx_word' id='word_1_208' title='bbox 1930 3104 2078 3148; x_wconf 89' lang='lat' dir='ltr'><strong>cum</strong></span> <span class='ocrx_word' id='word_1_209' title='bbox 2139 3105 2359 3148; x_wconf 87' lang='lat' dir='ltr'><strong>errore</strong></span> <span class='ocrx_word' id='word_1_210' title='bbox 2408 3084 2687 3150; x_wconf 89' lang='lat' dir='ltr'><strong>Nasonis</strong></span> 
     </span>
     <span class='ocr_line' id='line_1_30' title="bbox 360 3183 2685 3272; baseline 0.002 -24"><span class='ocrx_word' id='word_1_211' title='bbox 360 3184 491 3250; x_wconf 88' lang='lat' dir='ltr'><strong>Ars</strong></span> <span class='ocrx_word' id='word_1_212' title='bbox 532 3187 679 3271; x_wconf 75' lang='lat' dir='ltr'><strong>⁴ejus</strong></span> <span class='ocrx_word' id='word_1_213' title='bbox 724 3183 1057 3267; x_wconf 85' lang='lat' dir='ltr'><strong>amatoria,</strong></span> <span class='ocrx_word' id='word_1_214' title='bbox 1111 3186 1214 3251; x_wconf 90' lang='lat' dir='ltr'><strong>cui</strong></span> <span class='ocrx_word' id='word_1_215' title='bbox 1245 3185 1423 3251; x_wconf 88' lang='lat' dir='ltr'><strong>haud</strong></span> <span class='ocrx_word' id='word_1_216' title='bbox 1469 3184 1799 3250; x_wconf 83' lang='lat' dir='ltr'><strong>minimam</strong></span> <span class='ocrx_word' id='word_1_217' title='bbox 1830 3193 2087 3272; x_wconf 89' lang='lat' dir='ltr'><strong>partem</strong></span> <span class='ocrx_word' id='word_1_218' title='bbox 2135 3184 2453 3252; x_wconf 86' lang='lat' dir='ltr'><strong>malorum</strong></span> <span class='ocrx_word' id='word_1_219' title='bbox 2500 3187 2685 3252; x_wconf 87' lang='lat' dir='ltr'><strong>attri-</strong></span> 
     </span>
     <span class='ocr_line' id='line_1_31' title="bbox 363 3286 2685 3377; baseline 0.003 -26"><span class='ocrx_word' id='word_1_220' title='bbox 363 3288 585 3353; x_wconf 88' lang='lat' dir='ltr'><strong>butam</strong></span> <span class='ocrx_word' id='word_1_221' title='bbox 630 3287 787 3371; x_wconf 84' lang='lat' dir='ltr'><strong>vult,</strong></span> <span class='ocrx_word' id='word_1_222' title='bbox 845 3286 1153 3353; x_wconf 87' lang='lat' dir='ltr'><strong>facillime</strong></span> <span class='ocrx_word' id='word_1_223' title='bbox 1201 3288 1591 3377; x_wconf 89' lang='lat' dir='ltr'><strong>conectitur.</strong></span> <span class='ocrx_word' id='word_1_224' title='bbox 1680 3287 1837 3353; x_wconf 90' lang='lat' dir='ltr'><strong>Sine</strong></span> <span class='ocrx_word' id='word_1_225' title='bbox 1907 3287 2108 3354; x_wconf 91' lang='lat' dir='ltr'><strong>dubio</strong></span> <span class='ocrx_word' id='word_1_226' title='bbox 2177 3289 2351 3355; x_wconf 90' lang='lat' dir='ltr'><strong>enim</strong></span> <span class='ocrx_word' id='word_1_227' title='bbox 2402 3288 2685 3357; x_wconf 84' lang='lat' dir='ltr'><strong>Ovidius</strong></span> 
     </span>
     <span class='ocr_line' id='line_1_32' title="bbox 357 3389 2685 3480; baseline 0.002 -26"><span class='ocrx_word' id='word_1_228' title='bbox 357 3389 472 3474; x_wconf 89' lang='lat' dir='ltr'><strong>rei,</strong></span> <span class='ocrx_word' id='word_1_229' title='bbox 521 3413 718 3475; x_wconf 89' lang='lat' dir='ltr'><strong>quam</strong></span> <span class='ocrx_word' id='word_1_230' title='bbox 764 3389 1006 3476; x_wconf 86' lang='lat' dir='ltr'><strong>agebat</strong></span> <span class='ocrx_word' id='word_1_231' title='bbox 1048 3390 1094 3454; x_wconf 82' lang='lat' dir='ltr'><strong>J</strong></span> <span class='ocrx_word' id='word_1_232' title='bbox 1100 3390 1251 3474; x_wconf 88' lang='lat' dir='ltr'><strong>ulia,</strong></span> <span class='ocrx_word' id='word_1_233' title='bbox 1317 3393 1652 3480; x_wconf 87' lang='lat' dir='ltr'><strong>particeps</strong></span> <span class='ocrx_word' id='word_1_234' title='bbox 1698 3393 1913 3457; x_wconf 88' lang='lat' dir='ltr'><strong>factus</strong></span> <span class='ocrx_word' id='word_1_235' title='bbox 1963 3400 2065 3457; x_wconf 91' lang='lat' dir='ltr'><strong>est</strong></span> <span class='ocrx_word' id='word_1_236' title='bbox 2131 3400 2205 3456; x_wconf 91' lang='lat' dir='ltr'><strong>ut</strong></span> <span class='ocrx_word' id='word_1_237' title='bbox 2247 3400 2454 3479; x_wconf 88' lang='lat' dir='ltr'><strong>poeta</strong></span> <span class='ocrx_word' id='word_1_238' title='bbox 2498 3394 2685 3459; x_wconf 91' lang='lat' dir='ltr'><strong>Artis</strong></span> 
     </span>
     <span class='ocr_line' id='line_1_33' title="bbox 357 3492 2684 3580; baseline 0 -21"><span class='ocrx_word' id='word_1_239' title='bbox 357 3492 615 3559; x_wconf 89' lang='lat' dir='ltr'><strong>amandi</strong></span> <span class='ocrx_word' id='word_1_240' title='bbox 661 3493 769 3558; x_wconf 84' lang='lat' dir='ltr'><strong>vel</strong></span> <span class='ocrx_word' id='word_1_241' title='bbox 798 3501 1196 3580; x_wconf 88' lang='lat' dir='ltr'><strong>praeceptor</strong></span> <span class='ocrx_word' id='word_1_242' title='bbox 1227 3495 1491 3578; x_wconf 77' lang='lat' dir='ltr'><strong>amoriS,</strong></span> <span class='ocrx_word' id='word_1_243' title='bbox 1537 3502 1609 3563; x_wconf 81' lang='lat' dir='ltr'><strong>ut</strong></span> <span class='ocrx_word' id='word_1_244' title='bbox 1653 3495 1747 3560; x_wconf 87' lang='lat' dir='ltr'><strong>ita</strong></span> <span class='ocrx_word' id='word_1_245' title='bbox 1792 3493 2029 3575; x_wconf 87' lang='lat' dir='ltr'><strong>dicam,</strong></span> <span class='ocrx_word' id='word_1_246' title='bbox 2080 3494 2218 3560; x_wconf 87' lang='lat' dir='ltr'><strong>sive</strong></span> <span class='ocrx_word' id='word_1_247' title='bbox 2266 3496 2391 3561; x_wconf 89' lang='lat' dir='ltr'><strong>hoc</strong></span> <span class='ocrx_word' id='word_1_248' title='bbox 2424 3502 2684 3560; x_wconf 83' lang='lat' dir='ltr'><strong>tantum</strong></span> 
     </span>
     <span class='ocr_line' id='line_1_34' title="bbox 355 3595 2675 3682; baseline 0 -22"><span class='ocrx_word' id='word_1_249' title='bbox 355 3595 546 3661; x_wconf 88' lang='lat' dir='ltr'><strong>titulo</strong></span> <span class='ocrx_word' id='word_1_250' title='bbox 609 3596 677 3661; x_wconf 90' lang='lat' dir='ltr'><strong>in</strong></span> <span class='ocrx_word' id='word_1_251' title='bbox 721 3597 1041 3662; x_wconf 85' lang='lat' dir='ltr'><strong>societate</strong></span> <span class='ocrx_word' id='word_1_252' title='bbox 1086 3597 1304 3664; x_wconf 80' lang='lat' dir='ltr'><strong>Juliae</strong></span> <span class='ocrx_word' id='word_1_253' title='bbox 1354 3597 1609 3680; x_wconf 88' lang='lat' dir='ltr'><strong>mansit,</strong></span> <span class='ocrx_word' id='word_1_254' title='bbox 1665 3598 1805 3663; x_wconf 85' lang='lat' dir='ltr'><strong>sive</strong></span> <span class='ocrx_word' id='word_1_255' title='bbox 1853 3618 2083 3662; x_wconf 87' lang='lat' dir='ltr'><strong>versus</strong></span> <span class='ocrx_word' id='word_1_256' title='bbox 2132 3597 2453 3682; x_wconf 92' lang='lat' dir='ltr'><strong>quosdam</strong></span> <span class='ocrx_word' id='word_1_257' title='bbox 2497 3597 2675 3663; x_wconf 90' lang='lat' dir='ltr'><strong>Artis</strong></span> 
     </span>
     <span class='ocr_line' id='line_1_35' title="bbox 357 3697 2683 3787; baseline 0.003 -24"><span class='ocrx_word' id='word_1_258' title='bbox 357 3720 514 3764; x_wconf 90' lang='lat' dir='ltr'><strong>suae</strong></span> <span class='ocrx_word' id='word_1_259' title='bbox 563 3698 883 3768; x_wconf 81' lang='lat' dir='ltr'><strong>recitavit.</strong></span> <span class='ocrx_word' id='word_1_260' title='bbox 974 3698 1089 3768; x_wconf 88' lang='lat' dir='ltr'><strong>Sic</strong></span> <span class='ocrx_word' id='word_1_261' title='bbox 1164 3700 1424 3766; x_wconf 91' lang='lat' dir='ltr'><strong>demum</strong></span> <span class='ocrx_word' id='word_1_262' title='bbox 1499 3699 1958 3787; x_wconf 88' lang='lat' dir='ltr'><strong>intelliguntur</strong></span> <span class='ocrx_word' id='word_1_263' title='bbox 2022 3698 2119 3765; x_wconf 91' lang='lat' dir='ltr'><strong>illi</strong></span> <span class='ocrx_word' id='word_1_264' title='bbox 2194 3698 2510 3765; x_wconf 88' lang='lat' dir='ltr'><strong>Tristium</strong></span> <span class='ocrx_word' id='word_1_265' title='bbox 2564 3697 2683 3769; x_wconf 84' lang='lat' dir='ltr'><strong>IV.</strong></span> 
     </span>
     <span class='ocr_line' id='line_1_36' title="bbox 364 3804 724 3872; baseline 0.011 -7"><span class='ocrx_word' id='word_1_266' title='bbox 364 3804 414 3872; x_wconf 87' lang='lat' dir='ltr'><strong>l.</strong></span> <span class='ocrx_word' id='word_1_267' title='bbox 460 3823 724 3870; x_wconf 79' lang='lat' dir='ltr'><strong>versus:</strong></span> 
     </span>
    </p>

    <p class='ocr_par' dir='ltr' id='par_1_7' title="bbox 443 3902 2668 4098">
     <span class='ocr_line' id='line_1_37' title="bbox 443 3902 2668 3992; baseline 0 -22"><span class='ocrx_word' id='word_1_268' title='bbox 443 3904 630 3988; x_wconf 90' lang='lat' dir='ltr'><strong>„Scit</strong></span> <span class='ocrx_word' id='word_1_269' title='bbox 676 3926 945 3990; x_wconf 89' lang='lat' dir='ltr'><strong>quoque</strong></span> <span class='ocrx_word' id='word_1_270' title='bbox 997 3904 1254 3991; x_wconf 88' lang='lat' dir='ltr'><strong>(Musa)</strong></span> <span class='ocrx_word' id='word_1_271' title='bbox 1303 3927 1449 3970; x_wconf 89' lang='lat' dir='ltr'><strong>cum</strong></span> <span class='ocrx_word' id='word_1_272' title='bbox 1499 3904 1689 3992; x_wconf 89' lang='lat' dir='ltr'><strong>perii,</strong></span> <span class='ocrx_word' id='word_1_273' title='bbox 1737 3904 1884 3989; x_wconf 90' lang='lat' dir='ltr'><strong>quis</strong></span> <span class='ocrx_word' id='word_1_274' title='bbox 1933 3927 2033 3970; x_wconf 89' lang='lat' dir='ltr'><strong>me</strong></span> <span class='ocrx_word' id='word_1_275' title='bbox 2081 3902 2423 3990; x_wconf 87' lang='lat' dir='ltr'><strong>deceperit</strong></span> <span class='ocrx_word' id='word_1_276' title='bbox 2466 3925 2668 3990; x_wconf 86' lang='lat' dir='ltr'><strong>error,</strong></span> 
     </span>
     <span class='ocr_line' id='line_1_38' title="bbox 598 4006 2209 4098; baseline 0.001 -25"><span class='ocrx_word' id='word_1_277' title='bbox 598 4007 690 4098; x_wconf 80' lang='lat' dir='ltr'><strong>Et</strong></span> <span class='ocrx_word' id='word_1_278' title='bbox 733 4007 995 4095; x_wconf 89' lang='lat' dir='ltr'><strong>culpam</strong></span> <span class='ocrx_word' id='word_1_279' title='bbox 1040 4007 1105 4074; x_wconf 90' lang='lat' dir='ltr'><strong>in</strong></span> <span class='ocrx_word' id='word_1_280' title='bbox 1150 4009 1352 4096; x_wconf 82' lang='lat' dir='ltr'><strong>facto,</strong></span> <span class='ocrx_word' id='word_1_281' title='bbox 1394 4030 1531 4073; x_wconf 89' lang='lat' dir='ltr'><strong>non</strong></span> <span class='ocrx_word' id='word_1_282' title='bbox 1574 4006 1793 4073; x_wconf 91' lang='lat' dir='ltr'><strong>scelus</strong></span> <span class='ocrx_word' id='word_1_283' title='bbox 1840 4028 1986 4073; x_wconf 88' lang='lat' dir='ltr'><strong>esse</strong></span> <span class='ocrx_word' id='word_1_284' title='bbox 2039 4028 2209 4075; x_wconf 83' lang='lat' dir='ltr'><strong>mec.</strong></span> 
     </span>
    </p>
   </div>
  </div>
 </body>
</html>
