2950 4492
1486 223 1572 290 23

363 407 560 482 tuam,
612 398 881 480 Caesar,
928 396 1171 465 nudam
1225 394 1356 461 vidi
1496 394 1877 478 Quomodo,
1951 394 2006 461 si
2060 396 2213 478 quid
2284 395 2559 482 pudoris
2627 395 2692 463 in

365 511 634 589 pectore
683 503 822 588 ejus
869 497 1188 585 reliquum
1239 506 1402 582 erat,
1434 519 1703 585 sperare
1735 505 2016 586 poterat,
2065 500 2204 564 fore
2252 507 2326 565 ut
2361 502 2691 585 Augustus

364 603 673 691 neglecta
717 612 848 669 tam
895 601 1192 668 inaudita
1234 600 1647 690 impudentia
1702 610 2257 684 commoveretur,
2327 614 2404 667 ut
2469 600 2690 666 mitius

363 704 665 773 exsilium
713 704 941 771 daret?
1033 702 1281 770 Verum
1328 702 1611 770 Ovidius
1656 726 1787 769 non
1834 703 2002 791 ips'e,
2050 703 2168 769 sed
2240 703 2437 769 modo
2507 703 2691 769 criti-‘

366 831 482 876 cus
530 818 759 876 noster
783 806 996 874 oculis
1041 815 1281 893 poetae
1306 806 1566 872 Liviam
1611 805 1853 872 nudam
1899 805 2085 890 vidit,
2134 814 2201 872 et
2244 829 2478 873 sensus
2513 805 2689 871 illius

364 910 496 979 loci
543 913 703 978 tere
750 911 858 977 hic
907 916 1039 978 est:
1087 908 1198 973 vix
1244 908 1478 974 mirum
1537 907 1819 992 videtur,
1889 930 1993 973 me
2047 931 2299 996 poenas
2368 908 2691 990 dedissse‚

364 1014 519 1100 quia
562 1015 721 1099 vidi,
766 1036 937 1099 quae
994 1010 1148 1076 mibi
1223 1011 1511 1077 videnda
1578 1035 1709 1077 non
1781 1018 1999 1091 erant3
2071 1015 2366 1079 Actaeon
2407 1033 2690 1098 quoque,

366 1139 758 1203 quamquam
835 1115 1080 1182 inscius
1111 1124 1307 1201 atque
1344 1114 1588 1181 invitus
1622 1113 1903 1180 Dianam
1949 1113 2169 1202 posita
2203 1124 2384 1180 veste
2419 1114 2693 1196 viderat,

374 1226 594 1295 tamen
644 1217 914 1287 canibus
962 1217 1097 1285 suis
1140 1217 1390 1307 praeda
1431 1218 1648 1283 faetus
1693 1227 1820 1285 est:
1868 1240 2020 1284 nam
2064 1219 2133 1283 in
2177 1217 2449 1306 Superis
2497 1217 2690 1284 etiam

366 1325 632 1389 fortuna
676 1321 916 1388 luenda
960 1330 1078 1405 est,
1126 1343 1252 1388 nec
1295 1319 1557 1388 veniam
1605 1342 1796 1387 casus
1852 1321 2071 1390 habet.
2140 1358 2218 1370 --
2292 1321 2468 1388 Illud
2535 1343 2693 1387 vero

370 1427 564 1513 plane
610 1449 744 1495 non
789 1432 892 1491 est
936 1424 1305 1513 ferendum,
1352 1423 1532 1510 quod
1577 1422 1901 1492 Devillius
1947 1424 2143 1490 etiam
2189 1444 2419 1491 versus
2464 1423 2691 1490 lauda-

366 1541 467 1595 tos
486 1529 840 1595 Fastorum
885 1526 1035 1592 libri
1064 1525 1184 1599 VJ.
1228 1527 1310 1593 ad
1349 1527 1609 1594 Liviam
1654 1527 1897 1594 nudam
1945 1549 2002 1593 a·
2026 1535 2226 1616 poeta
2257 1526 2691 1615 visamspec-

366 1639 509 1698 tare
555 1629 717 1696 vult.
806 1628 1073 1696 Etenim
1120 1653 1180 1696 v.
1227 1627 1357 1697 253
1400 1629 1444 1697 l.
1492 1630 1534 1696 1.
1578 1629 1673 1694 ita
1719 1627 1992 1697 Vestam
2040 1628 2230 1696 deam
2281 1639 2484 1718 poeta
2525 1629 2689 1697 allo-

365 1732 612 1818 quitur:
1194 1722 1199 1725 ⁷

534 1834 775 1919 „Non
819 1833 1190 1921 equidem
1235 1833 1426 1917 vidi,
1474 1835 1739 1903 valeant
1783 1835 2128 1902 mendacia
2172 1843 2414 1918 vatum,

708 1937 827 2020 Te,
877 1935 1021 2020 dea,
1069 1958 1194 2004 nec
1240 1937 1459 2003 fueras
1504 1938 1935 2026 adspicienda
1975 1937 2177 2010 viro.“

368 2040 666 2124 Scilicet,
701 2061 863 2107 ,cum
903 2039 1111 2107 verba
1153 2054 1325 2123 „non
1393 2040 1700 2128 equidem
1766 2049 1832 2106 te
1889 2039 2069 2108 vidi“
2139 2041 2502 2109 sententiae
2531 2054 2534 2057 '
2568 2043 2688 2108 viri

367 2142 552 2210 docti
595 2164 868 2230 prorsus
915 2141 1386 2230 obloquantur,
1430 2145 1720 2211 faveant?
1752 2154 2014 2232 contra,
2082 2167 2249 2231 quae
2303 2154 2687 2231 sequuntur,

375 2267 630 2315 versum
681 2269 853 2331 „non
901 2244 1207 2333 equidem
1250 2246 1424 2312 vidi“
1450 2255 1654 2330 tacet,
1702 2255 1769 2312 et
1812 2269 1935 2335 pro
1980 2248 2136 2331 „te“
2166 2247 2475 2313 emendat
2507 2252 2690 2336 ,‚tu“;

280 2369 291 2377 ’
359 2352 499 2435 jam
544 2348 719 2416 euim
765 2349 984 2415 omnia
1027 2348 1294 2436 egregie
1340 2349 1402 2415 ei
1447 2349 1879 2417 conveniunt:

704 2452 852 2535 „Tu
898 2452 1044 2535 dea,
1091 2474 1215 2521 nee
1247 2453 1465 2519 fueras
1513 2451 1945 2540 adspicienda
1988 2452 2199 2520 viro.“

541 2554 740 2622 Haec
784 2576 893 2621 res
937 2553 1086 2643 ipsa
1128 2555 1423 2642 loquitur
1467 2565 1538 2622 et
1561 2554 2093 2622 dissertationem
2126 2556 2252 2621 viri
2300 2557 2477 2623 docti
2526 2557 2687 2624 satis

363 2674 698 2746 superque
746 2658 1049 2729 illustrat.
1171 2657 1397 2726 Ceteri
1462 2667 1681 2725 autem
1734 2660 2077 2727 Fastorum
2124 2658 2234 2726 lib.
2290 2658 2403 2727 VI.
2453 2682 2685 2726 versus

368 2761 642 2843 18-19,
702 2760 854 2848 450,
885 2760 1230 2829 397—-398
1274 2768 1491 2826 utrum
1532 2762 1740 2850 magis
1772 2761 1857 2827 ad
1900 2762 2349 2848 quaestionem
2395 2772 2683 2829 nostram

368 2872 684 2951 spectent
728 2886 811 2930 an
854 2886 1066 2951 aeque
1110 2865 1434 2931 violenter
1476 2865 1833 2953 inepteque
1883 2864 2209 2930 Devillius
2263 2864 2350 2951 de⁴
2409 2865 2501 2933 eis
2545 2864 2684 2932 dis·

364 2968 671 3051 seruerit,
715 2967 862 3056 ipse
900 2967 1112 3035 lector
1156 2965 1518 3034 benevolus
1553 2991 1587 3033 e
1624 2975 1939 3035 contextu
1969 2966 2318 3035 verborum
2348 2968 2683 3056 dijudicet.

458 3122 463 3125 -
530 3072 883 3138 ‘Attamen
926 3071 1270 3159 fingamu8‚
1319 3068 1629 3137 Ovidium
1676 3070 1920 3138 vidisse
1952 3070 2215 3136 Liviam
2260 3071 2524 3156 nudam,
2545 3075 2685 3161 jam

376 3174 554 3256 vide,
646 3174 995 3261 quomodo*
1048 3172 1149 3241 vir
1200 3173 1471 3241 criticus
1528 3183 1789 3261 poetam
1857 3195 2146 3239 errorem
2214 3195 2403 3240 suum
2464 3197 2686 3243 coram

366 3279 680 3365 Angusto
725 3285 1152 3345 excueantem
1194 3276 1386 3343 facit:

522 3753 529 3757 ,
701 3689 1008 3756 Praemia
1053 3699 1349 3778 peccato
1376 3656 1562 3756 nulla
1600 3688 1809 3776 petita
1854 3689 2075 3756 mihi.“

358 3794 599 3883 ‚5point
639 3792 882 3860 delieat
924 3815 1113 3881 pour
1155 3796 1459 3883 Auguste
1539 3800 1606 3858 et
1678 3814 1848 3880 pour
1890 3793 2126 3860 Livie“
2195 3793 2383 3861 addit
2454 3803 2684 3861 auctor

359 3894 807 3985 verecundus3
852 3908 1078 3962 verum
1098 3919 1255 3984 :ego
1299 3896 1529 3964 libere*
1564 3896 1901 3985 profiteor,
1955 3897 2130 3965 hanc
2185 3897 2683 3982 argumentandi

357 4001 683 4066 rationem
726 3998 884 4067 mihi
939 4020 1087 4066 non.
1117 3998 1325 4065 modo
1389 3999 1832 4086 numenium,
1897 4000 2016 4067 s‘ed
2061 3998 2418 4068 admodum
2480 3999 2681 4072 insul-
