2950 4492
1380 235 1461 306 15

272 411 704 499 simplicitate
739 422 805 478 et
832 435 1075 496 errore,
1102 435 1296 498 quam
1331 411 1607 479 consilio
1633 412 1988 477 adductum
2011 432 2345 498 peccasse,
2380 434 2604 478 eorum

270 514 541 602 quidem
590 515 752 581 nihil
786 516 961 598 fecit,
1007 538 1234 581 verum
1264 514 1514 581 Tomos
1545 516 1874 582 Nasonem
1905 514 2245 601 relegavit.
2308 515 2605 598 Quanto-

215 630 225 639 ·
267 641 442 704 pere
488 618 692 684 nihilo
739 618 954 685 secius
1000 626 1238 705 poetae
1280 618 1487 682 iratus
1530 617 1762 699 fuerit,
1821 640 1901 682 ex
1948 639 2027 682 eo
2074 625 2382 705 apparet,
2427 616 2618 702 quod

271 720 610 809 supplices
657 719 1061 805 blandasque
1109 741 1342 808 preces
1375 724 1516 807 ejus
1549 720 1706 786 nihil
1739 719 2091 786 exaudivit.
2180 723 2285 787 Ac
2315 721 2372 786 si
2417 719 2601 786 vide-

286 844 452 906 mus,
485 845 569 888 ne
599 822 936 889 Tiberium
969 846 1047 888 ac
1074 823 1328 888 Liviam
1355 822 1644 908 quidem,
1676 824 1981 909 Augusto
2006 833 2290 907 mortuo,
2324 823 2603 889 miserri—
2677 896 2684 903 .

207 970 211 978 ‚
271 948 440 991 mam
483 927 764 993 Nasonis
796 936 1040 992 sortem
1073 927 1346 1008 levasse,
1398 934 1743 1013 peccatum
1778 929 1921 1012 ejus
1954 927 2150 992 etiam
2181 926 2246 992 in
2278 925 2401 991 hos
2432 925 2602 993 duos

281 1028 386 1093 vel
432 1030 653 1116 potius
699 1030 783 1095 ad
830 1037 1031 1095 totam
1080 1029 1384 1096 Caesaris
1433 1030 1699 1095 domum
1746 1028 2143 1116 pertinuisse
2190 1039 2484 1116 apparet.

439 1128 486 1194 J
490 1152 592 1194 am
665 1130 871 1216 igitur
939 1132 1006 1196 in
1086 1131 1285 1197 breve
1360 1131 1747 1217 colligamus
1839 1132 2073 1217 longae
2163 1132 2597 1218 expositionis

270 1252 605 1311 summam,
654 1241 726 1298 ut
768 1256 899 1299 uno
935 1234 1257 1321 adspectu
1301 1234 1581 1319 intelligi
1625 1234 1860 1321 possit,
1907 1256 2070 1319 quas
2106 1234 2320 1300 exsilii
2363 1256 2595 1300 causas

272 1345 473 1420 poeta
514 1335 659 1420 ipse
702 1335 895 1403 nobis
940 1337 1291 1420 significet:

444 1436 774 1506 Ovidius
822 1441 1151 1526 primum
1199 1439 1515 1526 quidem
1572 1440 1881 1505 invitus
1940 1447 2176 1524 atque
2238 1440 2603 1508 infausto

274 1561 466 1606 casu
518 1541 634 1604 rei
693 1542 1008 1607 cuidam
1063 1544 1546 1619 intervenit,
1602 1564 1799 1627 quae
1857 1563 2185 1629 gravem
2245 1542 2606 1628 Augusti

275 1663 362 1706 ac
418 1644 674 1707 totius
732 1643 999 1711 domus
1058 1645 1558 1733 principalis
1615 1646 2156 1711 offensionem
2226 1644 2607 1710 contine·
2713 1690 2725 1703 .

275 1744 444 1824 bat,
515 1743 803 1810 deinde
871 1756 1129 1813 autem
1198 1756 1274 1813 et
1339 1748 1699 1814 stultitia
1744 1756 1984 1832 atque
2052 1769 2330 1813 errore
2378 1758 2455 1813 et
2498 1748 2605 1813 ti-

270 1869 496 1912 more
572 1847 981 1916 adductus
1057 1851 1326 1917 socius
1403 1855 1579 1937 ejus
1653 1851 1770 1915 rei
1846 1851 2121 1915 tactus
2191 1859 2346 1928 est,·
2410 1872 2605 1934 quae

273 1948 667 2025 societaS,
725 1973 1196 2071 quamquam
1252 1951 1450 2018 nihil
1510 1952 1906 2018 facinoris
1947 1954 2124 2038 ipse
2172 1952 2602 2034 commisit,

276 2061 531 2116 tamen
577 2052 1311 2137 perniciosissima
1357 2053 1663 2121 Ovidio
1710 2056 1928 2121 facta
1975 2064 2132 2142 est,
2179 2053 2387 2138 quod
2434 2076 2608 2120 cum

273 2161 628 2239 peccato
660 2166 948 2240 poetae
979 2159 1137 2223 Ars
1173 2156 1519 2239 amandi,
1553 2180 1778 2243 quam
1805 2156 2283 2242 scripserat,
2319 2179 2606 2222 conec-

275 2255 522 2321 tenda
567 2267 758 2328 erat.

445 2359 633 2442 Quae
679 2362 901 2446 opinio
951 2370 1018 2427 et
1061 2363 1130 2427 in
1162 2363 1336 2427 omni
1379 2385 1622 2448 genere
1666 2363 1884 2429 verbis
1930 2363 2141 2450 ipsius
2175 2370 2419 2447 poetae
2453 2361 2605 2426 niti-

271 2473 488 2528 tur·et
531 2463 748 2530 omnia
794 2464 975 2530 dicta
1019 2467 1160 2551 ejus
1205 2466 1502 2552 respicit.
1541 2465 1726 2532 >Sed
1759 2465 1867 2531 hic
1916 2467 2062 2553 ipse
2105 2465 2256 2531 finis
2305 2475 2426 2549 est,
2474 2487 2606 2550 quo

274 2586 482 2650 usque
532 2565 614 2630 de
660 2566 774 2632 illa
817 2588 889 2633 re
936 2576 1118 2633 certo
1163 2568 1455 2650 judicare
1505 2568 1863 2655 possimus;
1927 2570 2098 2634 ultra
2149 2590 2296 2633 eum
2346 2571 2608 2654 conjec-

275 2676 425 2732 tura
472 2680 591 2734 est.
684 2675 777 2736 Ac
807 2671 1095 2755 ‘quaevis
1144 2675 1525 2758 conjectura
1564 2671 2010 2754 fundamentO,
2059 2672 2238 2756 quod
2285 2672 2606 2737 exstruxi-

274 2790 437 2853 mus,
508 2772 1026 2859 superstruenda
1074 2785 1203 2852 est3
1281 2774 1629 2840 refutanda
1695 2786 1943 2858 autem,
2013 2796 2179 2859 quae
2247 2774 2405 2840 illuc
2473 2797 2606 2839 non

281 2872 577 2954 quadrat.

442 2975 595 3041 Jam
650 2999 848 3061 quae
873 2990 1021 3044 ante
1079 2999 1201 3043 nos
1257 2979 1339 3046 de
1398 2981 1523 3046 hac
1581 3004 1650 3045 re
1710 2981 2004 3067 prolatae
2063 2981 2195 3046 sint
2253 2978 2602 3066 opiniones

273 3076 610 3144 videamus
682 3080 1148 3167 exigamusque
1220 3103 1329 3148 eas
1387 3092 1717 3167 tamquam
1766 3084 1848 3149 ad
1904 3083 2267 3150 obrussam.
2361 3081 2603 3169 Vulga-

272 3178 557 3246 tissimas
590 3204 812 3249 earum
843 3185 909 3249 in
944 3184 1404 3251 dissertatione
1440 3188 1824 3272 reperimus,
1858 3210 2052 3272 quam
2085 3185 2425 3270 Devillius‚
2474 3187 2600 3251 cri·-

279 3282 450 3349 ticus
499 3286 1028 3373 francogallicus,
1079 3288 1160 3353 de
1212 3289 1452 3355 exsilio
1504 3288 1726 3355 Ovidii
1778 3291 2071 3377 edidit.*)
2538 3305 2544 3311 ’

442 3389 547 3453 Ac
611 3389 875 3474 quidem
924 3391 1229 3459 choream
1275 3392 1365 3458 ibi
1413 3393 1597 3458 ducit
1653 3394 1919 3460 criticus
1966 3394 2229 3479 quidam
2279 3393 2605 3479 opinatus,

271 3489 753 3574 Maecenatem,
805 3495 982 3577 quod
1016 3493 1298 3561 Ovidius
1348 3517 1734 3580 nonraeque
1762 3520 1845 3562 ac
1893 3498 2094 3563 ceteri
2143 3510 2380 3586 poetae
2427 3502 2603 3568 illius

271 3594 504 3658 aetatis
562 3594 790 3662 laudes
849 3619 1001 3662 suas
1061 3599 1490 3678 cantavisset,
1542 3597 1865 3664 offensum
1913 3601 1996 3665 ab
2044 3604 2352 3691 Augusto
2398 3606 2604 3691 impe-

180 3782 186 3789 ·
269 3705 502 3779 trasse,
547 3705 621 3762 ut
663 3698 989 3785 superbus
1035 3711 1235 3785 poeta
1293 3700 1374 3764 ad
1425 3700 1740 3766 barbaros
1787 3701 2022 3770 missus
2080 3726 2331 3790 poenas
2391 3706 2600 3778 daret.

406 3913 458 3979 ἢ
494 3923 540 3971 Α
578 3919 806 3989 Deville,
844 3937 1002 3990 essay
1039 3940 1133 3977 sur
1173 3924 1320 3979 l’exil
1361 3922 1607 3979 d’Ovide.
1685 3924 1840 3979 Paris
1880 3924 2032 3979 1859.
